,ts,side,price,quantity
0,1619199474119086,buy,1656.3835483870969,4.0878000000000005
1,1619199474315213,sell,1656.3832258064515,0.0458999999999999
2,1619199474315441,sell,1656.3558064516128,0.05724
3,1619199474315448,sell,1656.354838709677,0.54
4,1619199474315449,sell,1656.354838709677,0.77274
5,1619199474315806,sell,1656.354838709677,0.027
6,1619199474424878,sell,1656.354838709677,0.02268
7,1619199474424882,sell,1656.354838709677,0.11448
8,1619199474424883,sell,1656.354838709677,0.1776599999999999
9,1619199474424884,sell,1656.354838709677,7.696619999999999
10,1619199474424885,sell,1656.354838709677,0.21492
11,1619199474424886,sell,1656.354838709677,5.4
12,1619199474424886,sell,1656.354838709677,0.027
13,1619199474424887,sell,1656.354838709677,0.57294
14,1619199474424888,sell,1656.354838709677,0.27
15,1619199474424888,sell,1656.354838709677,0.02322
16,1619199474424889,sell,1656.354838709677,0.27
17,1619199474424889,sell,1656.354838709677,21.88512
18,1619199474424890,sell,1656.354838709677,0.57294
19,1619199474424890,sell,1656.354838709677,1.04328
20,1619199474424891,sell,1656.354838709677,0.73278
21,1619199474424891,sell,1656.354838709677,0.02268
22,1619199474424948,sell,1656.354838709677,23.0499
23,1619199474658019,buy,1656.3551612903227,0.0599399999999999
24,1619199474658856,sell,1656.354838709677,1.65834
25,1619199474658858,sell,1656.354838709677,5.03496
26,1619199474658858,sell,1656.354838709677,0.22896
27,1619199474658859,sell,1656.354838709677,0.0216
28,1619199474658859,sell,1656.354838709677,0.5508000000000001
29,1619199474658860,sell,1656.354838709677,0.1776599999999999
30,1619199474658861,sell,1656.354838709677,0.22464
31,1619199474658861,sell,1656.354838709677,0.11448
32,1619199474658862,sell,1656.354838709677,0.0135
33,1619199474658863,sell,1656.354838709677,0.34236
34,1619199474658864,sell,1656.354838709677,0.0378
35,1619199474658864,sell,1656.354838709677,0.0739799999999999
36,1619199474658865,sell,1656.354838709677,3.78
37,1619199474658865,sell,1656.354838709677,0.027
38,1619199474658866,sell,1656.354838709677,0.92664
39,1619199474658867,sell,1656.354838709677,0.7641
40,1619199474658867,sell,1656.354838709677,0.57294
41,1619199474658869,sell,1656.354838709677,0.13068
42,1619199474658869,sell,1656.354838709677,1.0314
43,1619199474658870,sell,1656.354838709677,0.12528
44,1619199474658870,sell,1656.354838709677,2.97
45,1619199474658871,sell,1656.354838709677,0.39906
46,1619199474658872,sell,1656.3545161290322,0.44928
47,1619199474658872,sell,1656.333870967742,0.03186
48,1619199474658941,buy,1656.3032258064516,0.05346
49,1619199474658942,sell,1656.3029032258064,0.02538
50,1619199474658943,sell,1656.2596774193548,0.02268
51,1619199474658943,sell,1656.2551612903228,0.02268
52,1619199474658949,sell,1656.2396774193548,0.0243
53,1619199474658951,sell,1656.2293548387097,0.56808
54,1619199474658952,sell,1656.2196774193549,0.02268
55,1619199474658954,sell,1656.2193548387097,0.08586
56,1619199474658954,sell,1656.201612903226,0.02268
57,1619199474658955,sell,1656.1990322580646,0.28674
58,1619199474682458,sell,1656.0851612903225,1.61892
59,1619199474683057,sell,1656.0851612903225,4.03488
60,1619199474696564,buy,1656.1151612903225,0.01566
61,1619199474723438,buy,1656.0764516129034,0.1215
62,1619199474758861,buy,1656.0764516129034,0.10314
63,1619199474841071,buy,1656.297741935484,1.16586
64,1619199474861978,buy,1656.297741935484,0.01188
65,1619199474919096,sell,1656.198064516129,0.0566999999999999
66,1619199474976930,buy,1656.1983870967742,0.0124199999999999
67,1619199475111191,buy,1656.1983870967742,0.05346
68,1619199475113205,buy,1656.1983870967742,0.22896
69,1619199475135623,buy,1656.1983870967742,0.19386
70,1619199475222942,buy,1656.1983870967742,0.11718
71,1619199475313774,sell,1656.198064516129,1.0233
72,1619199475315842,sell,1656.198064516129,1.1880000000000002
73,1619199475318878,sell,1656.198064516129,2.27502
74,1619199475336845,sell,1656.198064516129,0.1674
75,1619199475355032,sell,1656.198064516129,0.28674
76,1619199475358778,sell,1656.198064516129,2.79072
77,1619199475361119,sell,1656.198064516129,4.1860800000000005
78,1619199475364247,sell,1656.198064516129,0.15822
79,1619199475365987,sell,1656.198064516129,2.17566
80,1619199475365987,sell,1656.198064516129,2.01042
81,1619199475383498,sell,1656.198064516129,0.08154
82,1619199475391664,buy,1656.1983870967742,0.46062
83,1619199475431632,sell,1656.198064516129,0.2365199999999999
84,1619199475434131,buy,1656.1983870967742,0.4104
85,1619199475586962,buy,1656.1983870967742,0.1020599999999999
86,1619199475600638,sell,1656.198064516129,0.21114
87,1619199475608444,buy,1656.1983870967742,0.14256
88,1619199475611359,sell,1656.198064516129,0.4568399999999999
89,1619199475612867,buy,1656.1983870967742,0.04482
90,1619199475671455,buy,1656.1983870967742,0.2133
91,1619199475675337,buy,1656.1983870967742,0.12852
92,1619199475724920,buy,1656.1983870967742,0.06912
93,1619199475726650,sell,1656.198064516129,6.594480000000001
94,1619199475726809,sell,1656.085806451613,5.61978
95,1619199475727072,sell,1656.085483870968,0.97146
96,1619199475727083,sell,1656.0764516129034,0.01728
97,1619199475727083,sell,1656.076129032258,5.4
98,1619199475727084,sell,1656.0725806451612,0.18144
99,1619199475727434,sell,1656.0709677419354,0.0351
100,1619199475727435,sell,1656.063870967742,0.0766799999999999
101,1619199475727435,sell,1656.042258064516,0.02268
102,1619199475727436,sell,1656.032258064516,1.1464200000000002
103,1619199475727436,sell,1656.0148387096774,0.0729
104,1619199475727597,sell,1656.0148387096774,10.3194
105,1619199475727916,sell,1655.988064516129,0.0378
106,1619199475727926,sell,1655.9870967741936,0.02268
107,1619199475727927,sell,1655.976129032258,0.10638
108,1619199475728473,sell,1655.9364516129033,7.95798
109,1619199475728484,sell,1655.8825806451614,0.01728
110,1619199475728484,sell,1655.851612903226,0.03402
111,1619199475728485,sell,1655.8406451612902,1.35
112,1619199475729052,sell,1655.8170967741935,0.1798199999999999
113,1619199475729515,sell,1655.8148387096776,0.04428
114,1619199475729526,sell,1655.7696774193548,5.357340000000001
115,1619199475729527,sell,1655.7593548387097,0.28674
116,1619199475729528,sell,1655.7132258064516,13.4433
117,1619199475729790,sell,1656.061935483871,0.03402
118,1619199475732035,buy,1655.8709677419354,0.1290599999999999
119,1619199475740077,buy,1655.8709677419354,0.18144
120,1619199475758243,buy,1656.1974193548388,0.135
121,1619199475805353,sell,1656.1954838709676,6.301260000000001
122,1619199475816103,buy,1656.195806451613,0.4535999999999999
123,1619199475831339,buy,1656.195806451613,0.86346
124,1619199475930353,buy,1656.1954838709676,0.25164
125,1619199475979367,buy,1656.1954838709676,0.486
126,1619199476469038,sell,1656.1951612903226,0.65988
127,1619199476508209,sell,1656.1951612903226,0.34776
128,1619199476523841,sell,1656.1951612903226,0.65988
129,1619199476636223,sell,1656.1951612903226,11.83248
130,1619199476636887,sell,1656.1951612903226,6.92658
131,1619199476639086,sell,1656.1951612903226,1.8608400000000005
132,1619199476640446,sell,1656.1951612903226,1.35
133,1619199476640447,sell,1656.0719354838711,10.17252
134,1619199476640448,sell,1656.0719354838711,1.00494
135,1619199476642334,sell,1656.0719354838711,1.32084
136,1619199476642335,sell,1656.0306451612903,0.37638
137,1619199476643770,sell,1656.0719354838711,9.71622
138,1619199476646576,sell,1656.0719354838711,0.60318
139,1619199476646758,sell,1656.0306451612903,5.65488
140,1619199476646760,sell,1656.0306451612903,12.82068
141,1619199476646786,sell,1656.0306451612903,8.14806
142,1619199476647425,sell,1656.0051612903228,0.2214
143,1619199476648048,sell,1656.0051612903228,1.6869599999999998
144,1619199476648049,sell,1656.0051612903228,1.22094
145,1619199476649875,sell,1656.0051612903228,2.27178
146,1619199476693018,buy,1656.1951612903226,3.3620400000000004
147,1619199476775630,sell,1656.0725806451612,0.73764
148,1619199476832544,buy,1656.1951612903226,0.02268
149,1619199476894381,sell,1656.1948387096777,0.26028
150,1619199476902452,buy,1656.1951612903226,0.04536
151,1619199477069296,sell,1656.1948387096777,0.2581199999999999
152,1619199477180776,buy,1656.1951612903226,0.01188
153,1619199477276548,buy,1656.1951612903226,0.0135
154,1619199477319456,buy,1656.1951612903226,13.40658
155,1619199477319460,buy,1656.1951612903226,7.350479999999999
156,1619199477335346,buy,1656.1954838709676,0.02268
157,1619199477345518,buy,1656.1954838709676,0.60102
158,1619199477370723,buy,1656.1954838709676,3.3723
159,1619199477450602,buy,1656.1954838709676,2.7432
160,1619199477682835,buy,1656.1954838709676,0.1404
161,1619199477682846,buy,1656.1954838709676,0.04644
162,1619199477695299,buy,1656.1954838709676,0.1026
163,1619199477793322,buy,1656.1954838709676,0.324
164,1619199477888343,buy,1656.1954838709676,0.05022
165,1619199478015315,sell,1656.1951612903226,0.05778
166,1619199478056193,buy,1656.1954838709676,0.19332
167,1619199478071250,buy,1656.1954838709676,0.01944
168,1619199478081391,buy,1656.1954838709676,0.0135
169,1619199478200458,sell,1656.1951612903226,0.08262
170,1619199478255482,buy,1656.1954838709676,0.09504
171,1619199478328767,sell,1656.1951612903226,3.70062
172,1619199478408565,buy,1656.1954838709676,0.12744
173,1619199478416186,buy,1656.1954838709676,0.17172
174,1619199478416186,buy,1656.1954838709676,0.17172
175,1619199478417293,buy,1656.1954838709676,0.17172
176,1619199478417339,buy,1656.1954838709676,0.17172
177,1619199478418092,buy,1656.1954838709676,0.17172
178,1619199478418834,buy,1656.1954838709676,0.17172
179,1619199478421657,buy,1656.1954838709676,0.17172
180,1619199478423244,buy,1656.1954838709676,0.17172
181,1619199478426367,buy,1656.1954838709676,0.17172
182,1619199478426369,buy,1656.1954838709676,0.17172
183,1619199478471013,buy,1656.1954838709676,0.01296
184,1619199478472386,buy,1656.1954838709676,0.13068
185,1619199478716872,sell,1656.1951612903226,9.65898
186,1619199478716875,sell,1656.1951612903226,13.5
187,1619199478716876,sell,1656.1951612903226,0.4514399999999999
188,1619199478716876,sell,1656.1951612903226,0.8985600000000001
189,1619199478716877,sell,1656.1951612903226,1.67184
190,1619199478750407,sell,1656.072258064516,0.108
191,1619199478783129,sell,1656.072258064516,0.36612
192,1619199478783247,sell,1656.0719354838711,0.45036
193,1619199478789426,sell,1656.0719354838711,0.8996399999999999
194,1619199478789542,sell,1656.005806451613,1.22526
195,1619199478856870,sell,1655.9951612903226,1.12374
196,1619199478864826,buy,1656.1735483870966,0.03078
197,1619199478867904,buy,1656.1735483870966,0.07236
198,1619199479067711,sell,1656.1732258064517,0.54
199,1619199479073363,buy,1656.072258064516,0.04374
200,1619199479218607,sell,1656.0719354838711,1.12752
201,1619199479257375,buy,1656.072258064516,0.05724
202,1619199479266351,sell,1656.0719354838711,1.12752
203,1619199479272786,buy,1656.072258064516,0.11718
204,1619199479284303,buy,1656.072258064516,0.01188
205,1619199479381337,sell,1656.0719354838711,0.54
206,1619199479595596,buy,1656.072258064516,3.53754
207,1619199479595596,buy,1656.1741935483872,3.7314
208,1619199479595813,buy,1656.1954838709676,3.53376
209,1619199479612495,buy,1656.1954838709676,0.57294
210,1619199479657029,sell,1656.1951612903226,24.76494
211,1619199479657031,sell,1656.1951612903226,7.05888
212,1619199479657191,sell,1656.1951612903226,1.12374
213,1619199479657337,sell,1656.1951612903226,0.4644
214,1619199479685907,buy,1656.0729032258066,0.04752
215,1619199479748577,buy,1656.0729032258066,0.38718
216,1619199479801478,sell,1656.0725806451612,0.02214
217,1619199479839536,buy,1656.0729032258066,0.1052999999999999
218,1619199479840516,buy,1656.0729032258066,0.01998
219,1619199479886100,buy,1656.0729032258066,0.03186
220,1619199479916086,buy,1656.0729032258066,0.01188
221,1619199479944410,sell,1656.0725806451612,8.659980000000001
222,1619199479944489,sell,1656.0725806451612,0.04212
223,1619199480076641,buy,1656.0729032258066,0.3294
224,1619199480093780,buy,1656.0729032258066,0.05724
225,1619199480223199,buy,1656.0729032258066,1.18908
226,1619199480356682,buy,1656.0729032258066,0.05724
227,1619199480395386,buy,1656.0729032258066,1.0033200000000002
228,1619199480395388,buy,1656.1954838709676,1.74042
229,1619199480457391,sell,1656.1951612903226,5.81148
230,1619199480481106,buy,1656.0725806451612,0.0599399999999999
231,1619199480484677,buy,1656.0725806451612,0.05616
232,1619199480560780,sell,1656.1951612903226,1.6659
233,1619199480583751,buy,1656.0729032258066,0.01188
234,1619199480719617,buy,1656.188387096774,28.66536
235,1619199480846179,buy,1656.188387096774,0.02862
236,1619199480867380,buy,1656.188387096774,0.0135
237,1619199480877393,buy,1656.188387096774,0.0405
238,1619199480885374,buy,1656.188387096774,0.1188
239,1619199480919503,buy,1656.188387096774,7.898580000000001
240,1619199480919618,buy,1656.188387096774,1.54332
241,1619199480952362,sell,1656.188064516129,0.54
242,1619199480954229,sell,1656.0874193548386,4.9761
243,1619199480967962,buy,1656.087741935484,8.1
244,1619199480967965,buy,1656.181935483871,0.7371000000000001
245,1619199481006670,buy,1656.0729032258066,0.11502
246,1619199481018646,buy,1656.0729032258066,1.2501
247,1619199481070299,buy,1656.0729032258066,6.73488
248,1619199481070363,buy,1656.0729032258066,0.53892
249,1619199481264603,buy,1656.0729032258066,0.00108
250,1619199481264611,buy,1656.181935483871,0.03294
251,1619199481275392,sell,1656.0725806451612,0.0297
252,1619199481292777,buy,1656.181935483871,0.23058
253,1619199481311563,buy,1656.181935483871,7.10532
254,1619199481333968,buy,1656.188064516129,0.9504
255,1619199481337300,sell,1656.187741935484,0.0302399999999999
256,1619199481468935,sell,1656.187741935484,0.54
257,1619199481514546,sell,1656.072258064516,0.0324
258,1619199481514706,sell,1655.994193548387,11.42532
259,1619199481600185,sell,1656.0719354838711,6.60528
260,1619199481649248,buy,1656.072258064516,0.02214
261,1619199481685316,buy,1656.072258064516,0.02322
262,1619199481882066,buy,1656.072258064516,0.4946399999999999
263,1619199481882139,buy,1656.0725806451612,0.0275399999999999
264,1619199481882140,buy,1656.1745161290323,2.997
265,1619199481882143,buy,1656.1774193548388,7.31538
266,1619199481931005,buy,1656.188064516129,0.08316
267,1619199481946451,buy,1656.188064516129,0.13608
268,1619199482055340,buy,1656.188064516129,0.0496799999999999
269,1619199482067382,sell,1656.187741935484,0.3040199999999999
270,1619199482095342,buy,1656.188064516129,0.23004
271,1619199482106665,sell,1656.187741935484,0.18306
272,1619199482117821,buy,1656.188064516129,0.03942
273,1619199482170040,buy,1656.188064516129,0.02268
274,1619199482204514,sell,1656.187741935484,0.0135
275,1619199482454412,sell,1656.187741935484,0.03942
276,1619199482454414,sell,1656.187741935484,0.70794
277,1619199482494727,buy,1656.188064516129,0.09666
278,1619199482512059,buy,1656.188064516129,0.0124199999999999
279,1619199482698827,buy,1656.188064516129,0.05724
280,1619199482822568,sell,1656.187741935484,0.84186
281,1619199482844847,sell,1656.072258064516,0.03294
282,1619199483084376,buy,1656.027419354839,0.0410399999999999
283,1619199483220053,buy,1656.027419354839,0.14904
284,1619199483259462,buy,1656.027419354839,0.03726
285,1619199483267875,buy,1656.027419354839,0.54324
286,1619199483385816,buy,1656.027419354839,2.74374
287,1619199483398219,buy,1656.027419354839,0.3364199999999999
288,1619199483552386,sell,1656.0270967741935,14.7906
289,1619199483699246,buy,1656.027419354839,0.8747999999999999
290,1619199483711896,buy,1656.027419354839,0.0162
291,1619199483893357,sell,1656.0270967741935,0.2322
292,1619199484091071,sell,1656.0270967741935,12.8952
293,1619199484091087,sell,1656.0270967741935,13.40064
294,1619199484117728,sell,1656.0270967741935,0.2997
295,1619199484117729,sell,1656.0270967741935,0.18846
296,1619199484117730,sell,1656.0270967741935,0.12528
297,1619199484138523,buy,1656.027419354839,10.8108
298,1619199484495167,sell,1656.0270967741935,0.08424
299,1619199484599036,buy,1656.027419354839,0.01296
300,1619199484622321,buy,1656.027419354839,0.17172
301,1619199484640681,buy,1656.027419354839,0.17172
302,1619199484720655,sell,1656.0270967741935,0.0739799999999999
303,1619199484762620,sell,1656.0270967741935,1.33596
304,1619199484771149,sell,1655.968387096774,1.55358
305,1619199484785355,sell,1655.9132258064517,1.15722
306,1619199484785476,sell,1655.8716129032257,0.02268
307,1619199484785490,sell,1655.8345161290324,5.357340000000001
308,1619199484785491,sell,1655.7925806451613,10.33776
309,1619199484800495,buy,1655.9135483870969,3.402
310,1619199484814087,buy,1655.7929032258064,3.402
311,1619199484842841,buy,1655.7929032258064,0.09072
312,1619199484870998,buy,1655.7929032258064,3.402
313,1619199484892690,buy,1655.7890322580645,0.04806
314,1619199484908908,buy,1655.7890322580645,0.3779999999999999
315,1619199484967245,buy,1655.7890322580645,0.02538
316,1619199485008362,buy,1655.7890322580645,9.94842
317,1619199485427106,sell,1656.0267741935484,1.58814
318,1619199485482001,buy,1656.0270967741935,3.08232
319,1619199485648718,sell,1656.0267741935484,0.20628
320,1619199485678876,buy,1656.0270967741935,0.00054
321,1619199485678877,buy,1656.0270967741935,4.58838
322,1619199485679539,buy,1656.027419354839,0.36234
323,1619199485679549,buy,1656.028064516129,0.36234
324,1619199485679550,buy,1656.028709677419,0.36234
325,1619199485679551,buy,1656.0290322580645,0.54
326,1619199485679934,buy,1656.1193548387096,2.84904
327,1619199485679938,buy,1656.1793548387095,0.01188
328,1619199485679938,buy,1656.1793548387095,0.2565
329,1619199485679939,buy,1656.187741935484,0.2478599999999999
330,1619199485680546,buy,1656.188064516129,20.46222
331,1619199485680552,buy,1656.188064516129,34.02
332,1619199485688673,buy,1656.1954838709676,1.92726
333,1619199485689781,buy,1656.1954838709676,3.708180000000001
334,1619199485691889,buy,1656.1954838709676,17.94528
335,1619199485691896,buy,1656.1954838709676,4.12182
336,1619199485692347,buy,1656.1954838709676,1.92078
337,1619199485692369,buy,1656.1954838709676,0.03996
338,1619199485696025,buy,1656.2451612903226,0.5734800000000001
339,1619199485698708,buy,1656.2451612903226,2.9403
340,1619199485700738,buy,1656.2451612903226,0.8996399999999999
341,1619199485700738,buy,1656.246129032258,35.81064000000001
342,1619199485707196,buy,1656.273870967742,2.7761400000000003
343,1619199485709101,buy,1656.3000000000002,1.08
344,1619199485709199,buy,1656.3109677419354,11.34
345,1619199485709229,buy,1656.3225806451612,0.22302
346,1619199485716886,buy,1656.352258064516,0.1377
347,1619199485717061,buy,1656.3835483870969,0.11124
348,1619199485717070,buy,1656.41,5.17806
349,1619199485718044,buy,1656.41,0.7333200000000001
350,1619199485762073,buy,1656.4112903225807,1.08
351,1619199485762078,buy,1656.4387096774194,0.74574
352,1619199485764730,buy,1656.4722580645162,2.7
353,1619199485835406,sell,1656.410967741935,0.2538
354,1619199485883060,sell,1656.410967741935,10.72278
355,1619199485923762,sell,1656.410967741935,0.19494
356,1619199485923763,sell,1656.410967741935,0.14958
357,1619199485925958,sell,1656.410967741935,2.2869
358,1619199485928589,sell,1656.410967741935,2.13678
359,1619199485970437,sell,1656.410967741935,2.69892
360,1619199486003447,buy,1656.4112903225807,0.0685799999999999
361,1619199486225323,sell,1656.3264516129034,0.0378
362,1619199486225620,sell,1656.3264516129034,0.01458
363,1619199486225954,sell,1656.3264516129034,0.04482
364,1619199486272637,sell,1656.3264516129034,0.0469799999999999
365,1619199486322339,sell,1656.3264516129034,0.02862
366,1619199486369384,sell,1656.3264516129034,0.40446
367,1619199486407193,buy,1656.3267741935483,2.7432
368,1619199486497011,buy,1656.3267741935483,0.05724
369,1619199486536962,buy,1656.3267741935483,0.05778
370,1619199486600025,buy,1656.3267741935483,10.64178
371,1619199486601218,buy,1656.3267741935483,0.16038
372,1619199486896949,sell,1656.3264516129034,0.00054
373,1619199486897226,sell,1656.3264516129034,1.00224
374,1619199486910690,buy,1656.3267741935483,0.0135
375,1619199486946666,sell,1656.3264516129034,0.32994
376,1619199486986296,sell,1656.3264516129034,0.0523799999999999
377,1619199487119179,sell,1656.3264516129034,0.1377
378,1619199487251701,buy,1656.3267741935483,0.1431
379,1619199487307118,buy,1656.3267741935483,0.0124199999999999
380,1619199487709343,buy,1656.3267741935483,0.0486
381,1619199487711027,sell,1656.3264516129034,0.0864
382,1619199487711077,sell,1656.3264516129034,0.0864
383,1619199487714896,sell,1656.3264516129034,0.1728
384,1619199487715959,sell,1656.3264516129034,0.07614
385,1619199487765438,sell,1656.3264516129034,9.7335
386,1619199487809688,sell,1656.3264516129034,0.32076
387,1619199487823478,sell,1656.3264516129034,3.93012
388,1619199487834150,sell,1656.3264516129034,0.11502
389,1619199488062008,sell,1656.3264516129034,0.96498
390,1619199488062011,sell,1656.3264516129034,0.03078
391,1619199488109998,buy,1656.3267741935483,0.12042
392,1619199488171320,sell,1656.3264516129034,0.0496799999999999
393,1619199488171538,sell,1656.3264516129034,0.98388
394,1619199488171601,sell,1656.3264516129034,0.38178
395,1619199488280994,buy,1656.3267741935483,0.02268
396,1619199488297927,sell,1656.3264516129034,0.00054
397,1619199488297927,sell,1656.1158064516128,0.432
398,1619199488297928,sell,1656.0567741935486,2.6017200000000003
399,1619199488297951,sell,1656.0522580645163,5.51556
400,1619199488315321,sell,1656.0525806451612,0.0135
401,1619199488413162,sell,1656.0532258064516,0.90396
402,1619199488444608,buy,1656.053548387097,5.4
403,1619199488462888,buy,1656.053548387097,31.28922
404,1619199488511468,buy,1656.25,0.11772
405,1619199488563630,buy,1656.053548387097,0.1215
406,1619199488664429,buy,1656.053548387097,10.52946
407,1619199488706538,buy,1656.053548387097,11.40426
408,1619199488718868,sell,1656.0532258064516,0.99846
409,1619199488847618,sell,1656.0532258064516,0.29754
410,1619199488875350,buy,1656.053548387097,10.81026
411,1619199488910230,sell,1656.0532258064516,0.05022
412,1619199488931866,buy,1656.053548387097,0.135
413,1619199489108177,sell,1656.0532258064516,1.0362600000000002
414,1619199489172477,buy,1656.053548387097,0.03456
415,1619199489177351,sell,1656.0532258064516,0.11232
416,1619199489308832,buy,1656.053548387097,0.01782
417,1619199489430389,buy,1656.053548387097,2.74374
418,1619199489688479,buy,1656.053548387097,0.3283199999999999
419,1619199489689662,buy,1656.053548387097,0.32886
420,1619199489693829,buy,1656.053548387097,0.23544
421,1619199489693830,buy,1656.053548387097,0.09288
422,1619199489700170,buy,1656.053548387097,0.84996
423,1619199489710998,buy,1656.053548387097,0.05724
424,1619199489714337,buy,1656.053548387097,0.07992
425,1619199490203263,sell,1656.0532258064516,0.01998
426,1619199490235554,sell,1656.0532258064516,0.2538
427,1619199490260866,sell,1656.0532258064516,25.149420000000003
428,1619199490260875,sell,1656.0532258064516,1.31652
429,1619199490283635,sell,1656.0532258064516,0.09774
430,1619199490302766,buy,1656.053548387097,7.08534
431,1619199490518882,buy,1656.053548387097,5.4
432,1619199490537977,sell,1656.0532258064516,0.1755
433,1619199490725392,sell,1656.0532258064516,0.00054
434,1619199490725412,sell,1656.0532258064516,0.34236
435,1619199490782206,sell,1656.0532258064516,1.0557
436,1619199490927029,sell,1656.0532258064516,0.53946
437,1619199490989416,buy,1656.053548387097,9.56556
438,1619199491004525,buy,1656.053548387097,0.6048
439,1619199491072753,sell,1656.0532258064516,0.00054
440,1619199491072953,sell,1656.0532258064516,1.13346
441,1619199491207353,buy,1656.053548387097,3.22974
442,1619199491207420,buy,1656.053548387097,2.7
443,1619199491207431,buy,1656.053548387097,0.324
444,1619199491207525,buy,1656.054193548387,3.22974
445,1619199491207530,buy,1656.0548387096774,0.54
446,1619199491207531,buy,1656.1522580645162,0.80676
447,1619199491275633,sell,1656.1519354838708,9.97758
448,1619199491295498,sell,1656.1519354838708,3.2302800000000005
449,1619199491326150,sell,1656.1519354838708,0.29214
450,1619199491326336,sell,1656.0658064516128,1.58544
451,1619199491326811,sell,1656.0525806451612,1.6443
452,1619199491500962,buy,1656.027419354839,5.4
453,1619199491670625,sell,1656.0270967741935,0.0264599999999999
454,1619199491839412,sell,1656.0270967741935,0.30834
455,1619199491854387,buy,1656.027419354839,2.7
456,1619199491854423,sell,1656.0270967741935,0.2052
457,1619199491856538,sell,1655.992258064516,0.3402
458,1619199492015811,sell,1656.0270967741935,0.53568
459,1619199492081590,sell,1656.0270967741935,0.00432
460,1619199492081591,sell,1655.992258064516,0.50868
461,1619199492261061,sell,1655.992258064516,0.0458999999999999
462,1619199492278161,sell,1655.992258064516,0.027
463,1619199492418689,buy,1655.9925806451613,0.02268
464,1619199492436660,buy,1655.9925806451613,0.51732
465,1619199492436676,buy,1656.027419354839,0.324
466,1619199492436680,buy,1656.0635483870967,0.324
467,1619199492436686,buy,1656.0880645161292,1.5784200000000002
468,1619199492572942,sell,1656.039677419355,0.05886
469,1619199492582150,buy,1656.04,0.324
470,1619199492582182,buy,1656.102258064516,0.324
471,1619199492582299,buy,1656.1416129032257,1.34622
472,1619199492582306,buy,1656.141935483871,3.1833
473,1619199492582360,buy,1656.1470967741934,0.22248
474,1619199492620802,buy,1656.0932258064515,0.06426
475,1619199492665681,buy,1656.0932258064515,0.25974
476,1619199492665955,buy,1656.1470967741934,0.06264
477,1619199492669654,buy,1656.0458064516129,0.0378
478,1619199492671848,buy,1656.0458064516129,0.2862
479,1619199492671856,buy,1656.1470967741934,0.03618
480,1619199492774649,buy,1656.0906451612902,0.32076
481,1619199492778957,buy,1656.0906451612902,0.00324
482,1619199492779807,buy,1656.1358064516128,1.5449400000000002
483,1619199492779884,buy,1656.1358064516128,0.32076
484,1619199493057474,buy,1656.0909677419354,0.02862
485,1619199493078095,sell,1656.0906451612902,0.32292
486,1619199493239806,buy,1656.0909677419354,0.09774
487,1619199493282232,sell,1656.0906451612902,0.00054
488,1619199493282575,sell,1656.0,2.64222
489,1619199493282683,sell,1655.9996774193548,1.57194
490,1619199493282695,sell,1655.9993548387097,1.57464
491,1619199493282770,sell,1655.992258064516,2.16108
492,1619199493282820,sell,1655.9916129032258,0.5994
493,1619199493369591,buy,1655.991935483871,4.40262
494,1619199493505371,buy,1655.991935483871,10.834560000000002
495,1619199493568483,sell,1655.9916129032258,2.1006
496,1619199493568484,sell,1655.9916129032258,0.53946
497,1619199493608004,sell,1655.9916129032258,0.00054
498,1619199493608013,sell,1655.906451612903,0.432
499,1619199493608013,sell,1655.895161290323,0.5508000000000001
500,1619199493654604,sell,1655.9916129032258,0.11502
501,1619199493665319,sell,1655.9916129032258,1.01142
502,1619199493667156,sell,1655.9916129032258,11.04138
503,1619199493703888,sell,1655.9916129032258,0.11394
504,1619199493734054,sell,1655.8793548387098,0.0496799999999999
505,1619199493759975,sell,1655.8793548387098,0.11124
506,1619199493761337,sell,1655.8793548387098,4.75308
507,1619199493762460,buy,1655.8796774193547,10.30482
508,1619199493822646,buy,1655.8796774193547,1.97694
509,1619199493871377,buy,1655.8796774193547,1.21824
510,1619199493871415,buy,1655.8796774193547,1.91052
511,1619199494227850,buy,1656.0906451612902,0.11232
512,1619199494271112,buy,1655.991935483871,0.13554
513,1619199494276218,buy,1655.991935483871,0.28458
514,1619199494383418,sell,1655.9916129032258,0.34398
515,1619199494384545,sell,1655.8796774193547,0.30888
516,1619199494472757,buy,1655.9793548387097,0.0216
517,1619199494650185,buy,1655.9793548387097,0.01566
518,1619199494650186,buy,1655.9935483870968,0.54
519,1619199494650187,buy,1656.0687096774193,4.84434
520,1619199494827096,buy,1656.0677419354838,0.0405
521,1619199494971655,buy,1656.0677419354838,3.0893400000000004
522,1619199495167377,sell,1656.0674193548386,9.9036
523,1619199495177981,sell,1656.0674193548386,0.1728
524,1619199495177982,sell,1656.0674193548386,0.1728
525,1619199495182111,sell,1656.0674193548386,0.1728
526,1619199495185644,sell,1656.0674193548386,0.1728
527,1619199495223023,sell,1656.0674193548386,2.90466
528,1619199495405431,buy,1656.0677419354838,1.62918
529,1619199495405485,buy,1656.1470967741934,0.0189
530,1619199495405610,buy,1656.1770967741934,1.09566
531,1619199495414583,sell,1656.0674193548386,0.00054
532,1619199495414585,sell,1656.0674193548386,1.5703200000000002
533,1619199495507326,sell,1656.0674193548386,0.00054
534,1619199495507327,sell,1655.981290322581,0.01944
535,1619199495570015,buy,1655.97064516129,8.76636
536,1619199495718421,sell,1655.9703225806452,0.1728
537,1619199495787139,buy,1655.97064516129,4.73364
538,1619199495787246,buy,1655.97064516129,6.07878
539,1619199495823583,sell,1655.9703225806452,0.36666
540,1619199495852069,buy,1655.97064516129,0.10962
541,1619199496079385,buy,1655.97064516129,0.1835999999999999
542,1619199496222308,sell,1655.9703225806452,0.00054
543,1619199496223815,sell,1655.9703225806452,1.5703200000000002
544,1619199496234452,sell,1655.9703225806452,0.00054
545,1619199496235934,sell,1655.8725806451614,0.03348
546,1619199496236020,sell,1655.8570967741937,0.34506
547,1619199496277967,sell,1655.8570967741937,0.54
548,1619199496278534,sell,1655.8445161290322,9.623880000000002
549,1619199496315430,sell,1655.8064516129032,0.45792
550,1619199496320821,sell,1655.7612903225806,0.03348
551,1619199496320858,sell,1655.7593548387097,0.1971
552,1619199496326638,buy,1655.8067741935486,1.2663
553,1619199496380890,sell,1655.7593548387097,0.0891
554,1619199496423907,buy,1655.7951612903223,0.49518
555,1619199496433864,buy,1655.7951612903223,0.27324
556,1619199496474616,sell,1655.7948387096774,2.28852
557,1619199496484654,sell,1655.7948387096774,0.5648399999999999
558,1619199496499194,sell,1655.7593548387097,0.00054
559,1619199496499194,sell,1655.7096774193549,0.01782
560,1619199496499195,sell,1655.7096774193549,0.55566
561,1619199496499195,sell,1655.7096774193549,0.12582
562,1619199496499340,sell,1655.7096774193549,0.01566
563,1619199496499488,sell,1655.7058064516127,0.02538
564,1619199496499602,sell,1655.7009677419355,1.35
565,1619199496499672,sell,1655.6974193548388,0.2322
566,1619199496499675,sell,1655.6906451612904,0.1020599999999999
567,1619199496499797,sell,1655.6635483870969,3.4419599999999995
568,1619199496500021,sell,1655.6632258064517,67.392
569,1619199496500029,sell,1655.6593548387098,46.062
570,1619199496500049,sell,1655.6516129032257,1.35
571,1619199496500165,sell,1655.6429032258063,0.7425
572,1619199496500426,sell,1655.638064516129,0.09558
573,1619199496500437,sell,1655.6074193548388,1.08
574,1619199496500479,sell,1655.595806451613,0.7414200000000001
575,1619199496520983,buy,1655.774193548387,0.18198
576,1619199496605231,buy,1655.718064516129,0.23436
577,1619199496672909,sell,1655.717741935484,2.33172
578,1619199496717234,buy,1655.718064516129,5.4
579,1619199496763954,sell,1655.717741935484,1.40454
580,1619199496804438,sell,1655.717741935484,0.27
581,1619199496806020,sell,1655.717741935484,2.15568
582,1619199496871214,sell,1655.717741935484,1.71612
583,1619199496871239,sell,1655.717741935484,2.43378
584,1619199496871960,sell,1655.717741935484,0.3418199999999999
585,1619199496912739,buy,1655.662258064516,1.6713
586,1619199496974941,buy,1655.662258064516,0.02538
587,1619199497024724,sell,1655.6619354838708,0.03348
588,1619199497024734,sell,1655.6619354838708,0.1296
589,1619199497034006,buy,1655.662258064516,1.08
590,1619199497064609,buy,1655.662258064516,0.02268
591,1619199497102069,buy,1655.662258064516,1.08
592,1619199497108246,buy,1655.662258064516,0.1188
593,1619199497157862,buy,1655.662258064516,1.08
594,1619199497170304,sell,1655.6619354838708,0.4104
595,1619199497171582,sell,1655.6619354838708,1.37106
596,1619199497213464,sell,1655.7770967741935,0.1290599999999999
597,1619199497357183,sell,1655.8561290322582,0.76464
598,1619199497357743,sell,1655.8561290322582,0.76464
599,1619199497358876,sell,1655.8561290322582,0.76464
600,1619199497421135,sell,1655.7309677419355,0.74574
601,1619199497505435,buy,1655.731290322581,0.54
602,1619199497505444,buy,1655.731290322581,0.54486
603,1619199497547172,sell,1655.7309677419355,0.99036
604,1619199497712866,sell,1655.7309677419355,3.76758
605,1619199497712869,sell,1655.717741935484,1.4731200000000002
606,1619199497839327,buy,1655.718064516129,1.08
607,1619199497910986,buy,1655.718064516129,1.08
608,1619199497979303,sell,1655.717741935484,0.05184
609,1619199498144366,sell,1655.717741935484,0.00054
610,1619199498144376,sell,1655.6619354838708,1.5255
611,1619199498144377,sell,1655.6187096774197,0.03348
612,1619199498144621,sell,1655.616129032258,1.44396
613,1619199498144633,sell,1655.5806451612902,0.01458
614,1619199498144633,sell,1655.5796774193548,0.3402
615,1619199498144700,sell,1655.5793548387096,0.01782
616,1619199498144704,sell,1655.548387096774,0.0820799999999999
617,1619199498158509,buy,1655.5487096774193,1.00386
618,1619199498163126,buy,1655.5487096774193,7.919639999999999
619,1619199498163127,buy,1655.5487096774193,3.17196
620,1619199498212887,buy,1655.5487096774193,0.0685799999999999
621,1619199498219098,sell,1655.548387096774,0.0205199999999999
622,1619199498226317,buy,1655.5487096774193,0.1242
623,1619199498281524,sell,1655.548387096774,8.54982
624,1619199498281527,buy,1655.5487096774193,0.05562
625,1619199498310283,sell,1655.548387096774,0.7009200000000001
626,1619199498312001,buy,1655.5487096774193,2.74482
627,1619199498327851,buy,1655.5487096774193,1.08
628,1619199498372408,buy,1655.5487096774193,0.01998
629,1619199498387188,buy,1655.5487096774193,0.6858
630,1619199498446134,buy,1655.5487096774193,0.2376
631,1619199498447638,buy,1655.5487096774193,0.7360200000000001
632,1619199498447996,buy,1655.5487096774193,0.34398
633,1619199498532464,sell,1655.548387096774,2.11734
634,1619199498532466,sell,1655.548387096774,0.53946
635,1619199498554592,sell,1655.548387096774,0.00054
636,1619199498554611,sell,1655.5406451612905,0.0756
637,1619199498554613,sell,1655.533870967742,0.62532
638,1619199498554734,sell,1655.5183870967742,0.0189
639,1619199498554754,sell,1655.498064516129,0.2322
640,1619199498574775,buy,1655.4983870967742,1.08
641,1619199498610988,buy,1655.4983870967742,0.05778
642,1619199498613229,buy,1655.4983870967742,0.108
643,1619199498618591,buy,1655.4983870967742,1.08
644,1619199498627643,buy,1655.4983870967742,0.01782
645,1619199498646987,buy,1655.4983870967742,1.08
646,1619199498778901,sell,1655.498064516129,2.65788
647,1619199498844619,buy,1655.4983870967742,0.1290599999999999
648,1619199498906994,buy,1655.4983870967742,0.9369
649,1619199498980356,buy,1655.4983870967742,0.9666
650,1619199499001569,buy,1655.4983870967742,0.01728
651,1619199499035090,buy,1655.4983870967742,1.08
652,1619199499043352,buy,1655.4983870967742,1.08
653,1619199499047442,buy,1655.4983870967742,0.01296
654,1619199499099955,buy,1655.4983870967742,1.08
655,1619199499158606,buy,1655.4983870967742,1.08
656,1619199499279852,sell,1655.498064516129,0.3969
657,1619199499327725,sell,1655.5525806451612,0.0183599999999999
658,1619199499350727,buy,1655.6335483870969,23.48406
659,1619199499350738,buy,1655.633870967742,2.29878
660,1619199499350739,buy,1655.6341935483872,3.17898
661,1619199499353849,sell,1655.5525806451612,1.52172
662,1619199499356699,sell,1655.5525806451612,0.54
663,1619199499358332,buy,1655.6341935483872,0.23112
664,1619199499392290,sell,1655.6212903225808,0.05184
665,1619199499521700,buy,1655.4987096774194,0.162
666,1619199499560346,buy,1655.4987096774194,1.08
667,1619199499677155,buy,1655.4987096774194,0.05346
668,1619199499687324,buy,1655.4987096774194,1.08
669,1619199499704727,sell,1655.4983870967742,0.34452
670,1619199499719920,sell,1655.4983870967742,2.69892
671,1619199499719921,buy,1655.4987096774194,0.9666
672,1619199499725031,buy,1655.4987096774194,0.01782
673,1619199499767961,buy,1655.4987096774194,0.07506
674,1619199499792164,buy,1655.4983870967742,1.08
675,1619199499827146,sell,1655.498064516129,0.68418
676,1619199499846841,sell,1655.498064516129,0.1026
677,1619199499849952,buy,1655.4983870967742,1.08
678,1619199499878533,buy,1655.4983870967742,0.09882
679,1619199499909325,buy,1655.4983870967742,1.08
680,1619199499924542,sell,1655.498064516129,10.30482
681,1619199499934404,buy,1655.4983870967742,1.08
682,1619199499961576,buy,1655.4983870967742,0.027
683,1619199500069763,sell,1655.498064516129,0.8936999999999999
684,1619199500123431,buy,1655.4983870967742,0.22896
685,1619199500123535,buy,1655.4983870967742,1.08
686,1619199500143755,buy,1655.4983870967742,1.08
687,1619199500159657,buy,1655.4983870967742,0.648
688,1619199500181181,buy,1655.4983870967742,1.08
689,1619199500218578,buy,1655.4983870967742,1.08
690,1619199500228823,buy,1655.4983870967742,0.0496799999999999
691,1619199500256599,buy,1655.4983870967742,0.9666
692,1619199500290681,sell,1655.498064516129,0.81378
693,1619199500294838,buy,1655.4983870967742,0.38826
694,1619199500442652,buy,1655.4983870967742,4.70394
695,1619199500445094,buy,1655.4983870967742,1.08
696,1619199500474323,buy,1655.4983870967742,1.08
697,1619199500479507,sell,1655.498064516129,0.30618
698,1619199500517983,buy,1655.4983870967742,0.8099999999999999
699,1619199500568230,buy,1655.4983870967742,0.324
700,1619199500587581,buy,1655.4983870967742,0.9666
701,1619199500612611,sell,1655.498064516129,0.95364
702,1619199500624414,buy,1655.4983870967742,10.82592
703,1619199500645798,buy,1655.4983870967742,0.01782
704,1619199500726941,buy,1655.4983870967742,1.08
705,1619199500753249,buy,1655.4983870967742,0.01188
706,1619199500774868,buy,1655.4983870967742,0.11448
707,1619199500792942,buy,1655.4983870967742,1.08
708,1619199500846809,buy,1655.4983870967742,0.4049999999999999
709,1619199500912905,buy,1655.4983870967742,0.8099999999999999
710,1619199500925192,sell,1655.498064516129,9.91116
711,1619199500931463,sell,1655.498064516129,0.24516
712,1619199500936767,buy,1655.4983870967742,0.324
713,1619199500965077,buy,1655.4983870967742,0.9666
714,1619199501026632,sell,1655.498064516129,0.77436
715,1619199501033228,buy,1655.4983870967742,1.04166
716,1619199501033234,buy,1655.4983870967742,0.0383399999999999
717,1619199501076307,buy,1655.4983870967742,1.08
718,1619199501077387,sell,1655.498064516129,2.86038
719,1619199501114634,buy,1655.4983870967742,1.13886
720,1619199501136949,buy,1655.4983870967742,0.3942
721,1619199501159212,buy,1655.4983870967742,0.4049999999999999
722,1619199501171441,buy,1655.4983870967742,0.6561
723,1619199501180052,sell,1655.498064516129,0.38178
724,1619199501180053,sell,1655.498064516129,2.8814400000000004
725,1619199501193538,buy,1655.4983870967742,0.8099999999999999
726,1619199501200670,sell,1655.498064516129,1.782
727,1619199501204253,sell,1655.498064516129,1.12752
728,1619199501204260,sell,1655.498064516129,0.54
729,1619199501204351,sell,1655.498064516129,0.08586
730,1619199501204353,sell,1655.498064516129,0.02862
731,1619199501225101,buy,1655.4983870967742,0.324
732,1619199501233904,sell,1655.498064516129,1.48122
733,1619199501233967,sell,1655.4387096774194,0.28674
734,1619199501234180,sell,1655.4280645161289,0.1549799999999999
735,1619199501234458,sell,1655.4048387096775,0.6453
736,1619199501234460,sell,1655.4035483870969,0.02322
737,1619199501234460,sell,1655.397741935484,0.01404
738,1619199501235103,sell,1655.3774193548386,0.0648
739,1619199501235116,sell,1655.3774193548386,0.0162
740,1619199501235827,sell,1655.3709677419354,0.01188
741,1619199501270495,sell,1655.498064516129,4.34376
742,1619199501270546,sell,1655.498064516129,2.4597
743,1619199501288693,sell,1655.3709677419354,1.34082
744,1619199501293760,buy,1655.3712903225808,2.74482
745,1619199501294105,sell,1655.3709677419354,4.0591800000000005
746,1619199501294109,sell,1655.3709677419354,1.61136
747,1619199501299650,sell,1655.3709677419354,0.82944
748,1619199501303329,sell,1655.3709677419354,0.01296
749,1619199501304700,sell,1655.3709677419354,2.4235200000000003
750,1619199501304712,sell,1655.3709677419354,0.79056
751,1619199501306448,sell,1655.3709677419354,0.30834
752,1619199501310193,sell,1655.3709677419354,1.07028
753,1619199501310622,sell,1655.3703225806453,0.30834
754,1619199501310817,sell,1655.353870967742,0.027
755,1619199501310980,sell,1655.3132258064516,0.01296
756,1619199501310983,sell,1655.2909677419354,1.81224
757,1619199501312640,sell,1655.2909677419354,1.17666
758,1619199501312641,sell,1655.2854838709677,0.19656
759,1619199501312641,sell,1655.27935483871,0.4644
760,1619199501312642,sell,1655.2764516129032,0.02268
761,1619199501312642,sell,1655.2590322580645,1.2079799999999998
762,1619199501312726,sell,1655.2529032258064,0.02268
763,1619199501312738,sell,1655.248064516129,0.02592
764,1619199501312739,sell,1655.2283870967742,0.38988
765,1619199501335964,buy,1655.2858064516129,1.08
766,1619199501355209,buy,1655.28,0.05454
767,1619199501356654,buy,1655.28,0.9666
768,1619199501363619,buy,1655.28,1.08
769,1619199501410054,sell,1655.2325806451613,0.0820799999999999
770,1619199501418546,buy,1655.2329032258065,0.3942
771,1619199501423954,buy,1655.2329032258065,10.10016
772,1619199501473252,buy,1655.2329032258065,8.74584
773,1619199501483998,buy,1655.2329032258065,0.9882
774,1619199501514703,buy,1655.2329032258065,0.8099999999999999
775,1619199501529763,sell,1655.2325806451613,0.34506
776,1619199501548006,buy,1655.2329032258065,0.324
777,1619199501581059,sell,1655.2325806451613,2.59686
778,1619199501642994,buy,1655.2329032258065,0.15984
779,1619199501686575,buy,1655.2329032258065,2.2280400000000005
780,1619199501694960,sell,1655.2283870967742,0.4130999999999999
781,1619199501695091,sell,1655.2283870967742,0.27702
782,1619199501702805,sell,1655.2283870967742,0.01782
783,1619199501940305,buy,1655.2287096774191,0.7673399999999999
784,1619199501979066,sell,1655.2283870967742,0.0367199999999999
785,1619199501985706,buy,1655.2287096774191,0.0917999999999999
786,1619199502075961,sell,1655.2283870967742,0.00108
787,1619199502077361,sell,1655.2203225806452,0.0183599999999999
788,1619199502077559,sell,1655.1596774193547,0.03186
789,1619199502087810,sell,1655.1596774193547,0.0243
790,1619199502168658,sell,1655.1596774193547,0.05616
791,1619199502174312,sell,1655.1596774193547,0.05616
792,1619199502193199,sell,1655.1596774193547,0.02106
793,1619199502194057,sell,1655.1596774193547,0.69444
794,1619199502230502,sell,1655.1596774193547,0.7435799999999999
795,1619199502240954,sell,1655.1596774193547,0.61884
796,1619199502273001,sell,1655.1596774193547,2.1492
797,1619199502285085,buy,1655.16,0.29808
798,1619199502345565,sell,1655.1596774193547,0.01188
799,1619199502491182,sell,1655.1596774193547,0.07884
800,1619199502526508,buy,1655.16,0.01728
801,1619199502533689,buy,1655.16,0.5508000000000001
802,1619199502539118,sell,1655.1596774193547,0.9136799999999998
803,1619199502541157,sell,1655.1574193548386,0.09774
804,1619199502541157,sell,1655.104838709677,0.02322
805,1619199502541296,sell,1655.092258064516,0.36882
806,1619199502541297,buy,1655.16,0.1020599999999999
807,1619199502561980,sell,1655.092258064516,0.06318
808,1619199502565054,sell,1655.092258064516,1.08
809,1619199502565055,sell,1655.0774193548389,0.04158
810,1619199502565252,sell,1655.0183870967742,0.432
811,1619199502565253,sell,1655.0,0.28674
812,1619199502565254,sell,1654.976451612903,0.0243
813,1619199502565255,sell,1654.926129032258,0.08802
814,1619199502565306,sell,1654.9035483870969,0.8542799999999998
815,1619199502632536,buy,1655.032258064516,0.07182
816,1619199502660584,buy,1655.032258064516,0.11502
817,1619199502676987,sell,1655.031935483871,0.02538
818,1619199502686318,buy,1655.032258064516,0.23814
819,1619199502686721,buy,1655.032258064516,0.0513
820,1619199502687737,buy,1655.032258064516,0.06372
821,1619199502758344,buy,1655.032258064516,0.36018
822,1619199502838197,sell,1655.031935483871,0.04644
823,1619199502839802,buy,1655.032258064516,0.3213
824,1619199502882420,buy,1655.032258064516,0.0675
825,1619199502882429,buy,1655.032258064516,0.02376
826,1619199502916444,buy,1655.032258064516,0.07614
827,1619199502929356,sell,1655.031935483871,0.04914
828,1619199502971758,buy,1655.032258064516,0.38988
829,1619199502971760,buy,1655.032258064516,0.3418199999999999
830,1619199503022397,buy,1655.032258064516,0.06372
831,1619199503022481,buy,1655.032258064516,10.8
832,1619199503042328,buy,1655.032258064516,0.02268
833,1619199503064562,buy,1655.032258064516,2.27178
834,1619199503064562,buy,1655.032258064516,3.59802
835,1619199503116176,buy,1655.032258064516,0.02322
836,1619199503144387,buy,1655.032258064516,9.878760000000002
837,1619199503147472,buy,1655.085483870968,4.859999999999999
838,1619199503147584,buy,1655.085483870968,59.940000000000005
839,1619199503156778,buy,1655.1287096774192,3.52674
840,1619199503156779,buy,1655.2329032258065,1.33326
841,1619199503156780,sell,1655.0851612903225,1.17828
842,1619199503157215,buy,1655.2329032258065,1.36674
843,1619199503157402,buy,1655.37,3.49326
844,1619199503158875,buy,1655.3429032258064,3.402
845,1619199503158932,buy,1655.3429032258064,4.859999999999999
846,1619199503169240,buy,1655.1841935483872,3.402
847,1619199503175786,buy,1655.1841935483872,13.5
848,1619199503178402,buy,1655.1841935483872,3.402
849,1619199503269386,buy,1655.3364516129031,0.1835999999999999
850,1619199503303824,sell,1655.336129032258,0.33858
851,1619199503383591,sell,1655.3706451612902,0.1835999999999999
852,1619199503448386,sell,1655.3706451612902,3.51756
853,1619199503532542,sell,1655.3706451612902,0.05886
854,1619199503571142,sell,1655.3706451612902,0.07182
855,1619199503629013,sell,1655.3706451612902,0.4508999999999999
856,1619199503638851,sell,1655.3706451612902,0.03078
857,1619199503675548,sell,1655.3706451612902,2.58552
858,1619199503703106,sell,1655.3706451612902,0.01404
859,1619199503735566,sell,1655.3706451612902,0.4109399999999999
860,1619199503773653,sell,1655.3706451612902,0.2116799999999999
861,1619199503774050,sell,1655.3406451612902,1.35
862,1619199503774238,sell,1655.2316129032258,1.5751799999999998
863,1619199503774245,sell,1655.116129032258,0.3807
864,1619199503774835,buy,1655.3709677419354,1.33974
865,1619199503825116,sell,1655.336129032258,0.2133
866,1619199503853128,sell,1655.336129032258,0.37152
867,1619199503942321,buy,1655.168064516129,0.47466
868,1619199503962651,sell,1655.1677419354835,0.98928
869,1619199503969668,buy,1655.168064516129,33.62904
870,1619199504025110,buy,1655.168064516129,0.0550799999999999
871,1619199504043662,buy,1655.168064516129,0.01296
872,1619199504067965,buy,1655.168064516129,0.2727
873,1619199504085906,buy,1655.168064516129,0.04158
874,1619199504133418,sell,1655.1677419354835,9.813960000000002
875,1619199504146459,buy,1655.168064516129,0.15768
876,1619199504146484,buy,1655.2993548387096,3.23352
877,1619199504233389,sell,1655.3706451612902,0.78948
878,1619199504258347,buy,1655.3709677419354,1.4585400000000002
879,1619199504283709,sell,1655.3706451612902,11.47446
880,1619199504332836,sell,1655.3706451612902,1.23552
881,1619199504352878,buy,1655.3709677419354,0.28458
882,1619199504352879,buy,1655.3709677419354,0.37044
883,1619199504394378,buy,1655.3709677419354,1.89756
884,1619199504394667,buy,1655.3709677419354,0.8472599999999999
885,1619199504445563,buy,1655.3709677419354,0.77166
886,1619199504513296,sell,1655.3706451612902,0.00054
887,1619199504513391,sell,1655.3706451612902,1.89864
888,1619199504532948,sell,1655.3706451612902,9.8388
889,1619199504584188,sell,1655.3706451612902,1.76202
890,1619199504584311,sell,1655.3706451612902,0.9126
891,1619199504624794,sell,1655.3706451612902,2.35062
892,1619199504671436,sell,1655.3706451612902,1.35756
893,1619199504781519,sell,1655.2996774193548,0.1485
894,1619199504817157,sell,1655.2364516129032,0.2338199999999999
895,1619199504927166,sell,1655.2970967741935,0.09126
896,1619199505022593,buy,1655.297419354839,0.22896
897,1619199505072623,buy,1655.297419354839,0.01998
898,1619199505137551,buy,1655.297419354839,1.6146
899,1619199505278441,sell,1655.3577419354838,8.86572
900,1619199505326372,sell,1655.3577419354838,0.34344
901,1619199505397418,buy,1655.358064516129,0.54
902,1619199505398057,buy,1655.358064516129,10.10502
903,1619199505398058,buy,1655.3587096774197,0.17334
904,1619199505650427,buy,1655.4670967741936,0.0243
905,1619199505656927,sell,1655.4667741935484,2.29446
906,1619199505718353,buy,1655.4670967741936,0.5156999999999999
907,1619199505775343,buy,1655.498064516129,0.108
908,1619199505775351,buy,1655.4983870967742,0.1404
909,1619199505891985,buy,1655.548387096774,0.08262
910,1619199505936395,sell,1655.548064516129,0.51948
911,1619199505970461,sell,1655.548064516129,0.0205199999999999
912,1619199505970462,sell,1655.548064516129,0.28512
913,1619199505999466,buy,1655.548387096774,0.02592
914,1619199506057854,buy,1655.548387096774,0.00054
915,1619199506057886,buy,1655.548387096774,0.0124199999999999
916,1619199506081878,buy,1655.548387096774,1.33704
917,1619199506131902,buy,1655.548387096774,1.20906
918,1619199506227723,buy,1655.548387096774,0.0324
919,1619199506240741,sell,1655.548064516129,0.02376
920,1619199506249705,buy,1655.548387096774,2.3733
921,1619199506249725,buy,1655.548387096774,2.52666
922,1619199506284041,buy,1655.548387096774,11.55546
923,1619199506290918,buy,1655.548387096774,9.00936
924,1619199506383491,sell,1655.6287096774192,0.0486
925,1619199506466055,buy,1655.6290322580646,22.94082
926,1619199506535798,sell,1655.6287096774192,0.19008
927,1619199506552909,sell,1655.6287096774192,0.1798199999999999
928,1619199506565230,buy,1655.6290322580646,0.0124199999999999
929,1619199506665047,sell,1655.6290322580646,0.07074
930,1619199506674986,sell,1655.6290322580646,0.0945
931,1619199506675046,buy,1655.7609677419357,0.1512
932,1619199506797125,buy,1655.6293548387098,1.61946
933,1619199506929417,sell,1655.6290322580646,0.04482
934,1619199507006058,sell,1655.6290322580646,0.6787799999999999
935,1619199507094663,sell,1655.6290322580646,1.2744
936,1619199507253799,buy,1655.6293548387098,0.04536
937,1619199507265113,sell,1655.6290322580646,0.01296
938,1619199507265246,sell,1655.6290322580646,0.0081
939,1619199507335943,sell,1655.6290322580646,0.6350399999999999
940,1619199507355062,buy,1655.6293548387098,1.01088
941,1619199507411962,sell,1655.6290322580646,0.31536
942,1619199507430938,sell,1655.6290322580646,0.35586
943,1619199507448743,buy,1655.6293548387098,2.74428
944,1619199507481893,buy,1655.6293548387098,3.4479
945,1619199507540189,buy,1655.6293548387098,4.22334
946,1619199507557854,sell,1655.6290322580646,0.06426
947,1619199507581487,sell,1655.6290322580646,0.05184
948,1619199507597396,sell,1655.475806451613,0.2133
949,1619199507670114,buy,1655.476129032258,0.54
950,1619199507670121,buy,1655.476129032258,1.69992
951,1619199507730615,buy,1655.476129032258,7.8165
952,1619199507778732,sell,1655.475806451613,1.0719
953,1619199507801457,buy,1655.475806451613,1.61946
954,1619199507818750,buy,1655.4754838709678,1.7771400000000002
955,1619199507818751,buy,1655.4754838709678,9.1611
956,1619199507857775,buy,1655.476129032258,5.03496
957,1619199507908904,sell,1655.5825806451612,0.01674
958,1619199507980729,sell,1655.5825806451612,11.50902
959,1619199508020772,sell,1655.5825806451612,0.0324
960,1619199508129875,buy,1655.5829032258064,0.53892
961,1619199508175941,buy,1655.5829032258064,0.00108
962,1619199508175942,buy,1655.6212903225808,0.0162
963,1619199508189101,sell,1655.6209677419354,1.00062
964,1619199508192893,sell,1655.6209677419354,0.63072
965,1619199508198357,sell,1655.5829032258064,0.42876
966,1619199508198367,sell,1655.5829032258064,0.19926
967,1619199508199532,sell,1655.5829032258064,0.19926
968,1619199508199533,sell,1655.5829032258064,0.12474
969,1619199508204554,sell,1655.5832258064518,0.2797199999999999
970,1619199508224416,sell,1655.6209677419354,0.54
971,1619199508225831,sell,1655.583870967742,4.11426
972,1619199508225840,sell,1655.4767741935484,3.89556
973,1619199508250701,buy,1655.6293548387098,0.2500199999999999
974,1619199508442981,sell,1655.4825806451613,0.2808
975,1619199508723797,buy,1655.5829032258064,0.12204
976,1619199508766607,sell,1655.5825806451612,1.40238
977,1619199508766608,sell,1655.4774193548387,0.25272
978,1619199508815096,buy,1655.477741935484,0.0891
979,1619199508825488,buy,1655.477741935484,0.28674
980,1619199508831564,sell,1655.4774193548387,1.14966
981,1619199508831565,sell,1655.351612903226,2.3139
982,1619199508831565,sell,1655.3003225806451,0.432
983,1619199508831566,sell,1655.3003225806451,2.86092
984,1619199508858490,buy,1655.477741935484,0.0550799999999999
985,1619199508877411,buy,1655.477741935484,0.0793799999999999
986,1619199508903457,buy,1655.477741935484,0.16038
987,1619199508942399,buy,1655.477741935484,0.01188
988,1619199508953037,buy,1655.477741935484,1.5546599999999997
989,1619199508970521,buy,1655.477741935484,0.1107
990,1619199508997014,buy,1655.477741935484,0.01458
991,1619199509028961,buy,1655.477741935484,0.0367199999999999
992,1619199509032378,buy,1655.477741935484,5.735339999999999
993,1619199509034677,buy,1655.477741935484,0.01296
994,1619199509063716,buy,1655.477741935484,0.01296
995,1619199509070377,buy,1655.477741935484,0.08316
996,1619199509121986,sell,1655.4774193548387,0.54
997,1619199509122195,sell,1655.4490322580646,0.45036
998,1619199509125919,buy,1655.477741935484,0.08964
999,1619199509211794,buy,1655.477741935484,0.03456
1000,1619199509225456,buy,1655.477741935484,0.04374
1001,1619199509227259,buy,1655.477741935484,0.0189
1002,1619199509253174,sell,1655.4774193548387,8.63136
1003,1619199509254610,buy,1655.477741935484,0.99414
1004,1619199509275095,buy,1655.477741935484,0.20628
1005,1619199509328906,sell,1655.4774193548387,0.03078
1006,1619199509340698,sell,1655.4774193548387,0.54
1007,1619199509342924,buy,1655.477741935484,0.0523799999999999
1008,1619199509354978,buy,1655.477741935484,1.0967399999999998
1009,1619199509368161,buy,1655.477741935484,0.11232
1010,1619199509412432,buy,1655.477741935484,0.4271399999999999
1011,1619199509424160,sell,1655.4774193548387,0.7673399999999999
1012,1619199509483360,buy,1655.477741935484,0.01296
1013,1619199509570518,sell,1655.4774193548387,1.14156
1014,1619199509585689,buy,1655.477741935484,2.16756
1015,1619199509585706,buy,1655.477741935484,5.98104
1016,1619199509730677,sell,1655.4774193548387,1.2123000000000002
1017,1619199509738956,sell,1655.4774193548387,0.53352
1018,1619199509813158,buy,1655.5816129032255,0.40662
1019,1619199509818775,buy,1655.5816129032255,2.73564
1020,1619199509818848,buy,1655.5825806451612,1.57086
1021,1619199509818959,buy,1655.5829032258064,31.95342
1022,1619199509828149,buy,1655.5829032258064,0.78084
1023,1619199509875496,buy,1655.5829032258064,3.08772
1024,1619199509875555,buy,1655.5829032258064,0.54
1025,1619199509979275,sell,1655.6290322580646,0.9423
1026,1619199510034181,sell,1655.6290322580646,0.28026
1027,1619199510074742,sell,1655.6290322580646,0.2473199999999999
1028,1619199510178634,buy,1655.6293548387098,0.1117799999999999
1029,1619199510190017,buy,1655.6293548387098,0.09558
1030,1619199510202248,buy,1655.6293548387098,0.5810399999999999
1031,1619199510202249,buy,1655.6764516129033,1.4364
1032,1619199510202250,buy,1655.6767741935485,2.86092
1033,1619199510202251,buy,1655.6770967741934,1.242
1034,1619199510202252,buy,1655.7174193548387,4.07322
1035,1619199510202253,buy,1655.717741935484,0.61398
1036,1619199510273731,buy,1655.6770967741934,0.13014
1037,1619199510275184,sell,1655.6767741935485,0.2338199999999999
1038,1619199510292682,sell,1655.6290322580646,0.3812399999999999
1039,1619199510372835,buy,1655.6293548387098,2.74428
1040,1619199510524242,sell,1655.6290322580646,0.35478
1041,1619199510574523,buy,1655.6293548387098,0.27648
1042,1619199510582096,sell,1655.6290322580646,0.0275399999999999
1043,1619199510629618,sell,1655.6290322580646,0.33534
1044,1619199510672239,sell,1655.6290322580646,0.35478
1045,1619199510720328,sell,1655.6290322580646,0.35478
1046,1619199510773941,sell,1655.6290322580646,0.35478
1047,1619199510820725,sell,1655.6290322580646,0.35478
1048,1619199510833936,sell,1655.6290322580646,0.027
1049,1619199510862569,sell,1655.6290322580646,0.1549799999999999
1050,1619199510864691,sell,1655.5829032258064,0.0458999999999999
1051,1619199510864693,sell,1655.3003225806451,0.08154
1052,1619199510871585,sell,1655.3003225806451,0.03726
1053,1619199510923893,buy,1655.5832258064518,0.0648
1054,1619199511069524,buy,1655.6293548387098,0.01296
1055,1619199511104232,buy,1655.6293548387098,0.02538
1056,1619199511173977,buy,1655.6293548387098,0.01728
1057,1619199511175356,buy,1655.6293548387098,0.41202
1058,1619199511183449,buy,1655.6293548387098,0.07236
1059,1619199511183450,buy,1655.6767741935485,0.0837
1060,1619199511317434,sell,1655.6290322580646,8.396460000000001
1061,1619199511356010,buy,1655.6293548387098,1.0967399999999998
1062,1619199511469356,sell,1655.6290322580646,0.18468
1063,1619199511729146,buy,1655.6293548387098,0.04644
1064,1619199511770166,sell,1655.6758064516127,0.027
1065,1619199511785993,buy,1655.6767741935485,23.54022
1066,1619199511806128,buy,1655.717741935484,5.0922
1067,1619199511828675,sell,1655.8912903225803,2.12814
1068,1619199511982351,sell,1655.8912903225803,0.05832
1069,1619199512017640,sell,1655.8912903225803,8.15832
1070,1619199512073506,sell,1655.8916129032257,0.05886
1071,1619199512203959,sell,1655.9332258064517,0.2878199999999999
1072,1619199512214479,sell,1655.9332258064517,0.05022
1073,1619199512226402,sell,1655.9332258064517,1.24308
1074,1619199512276863,sell,1655.9332258064517,0.4914
1075,1619199512324695,sell,1655.9332258064517,0.03942
1076,1619199512356824,sell,1655.9332258064517,1.7355599999999998
1077,1619199512375659,sell,1655.9332258064517,0.4914
1078,1619199512402035,sell,1655.9332258064517,1.25712
1079,1619199512470893,sell,1655.9332258064517,0.01674
1080,1619199512551738,sell,1655.9412903225807,0.4698
1081,1619199512592854,buy,1655.941612903226,0.8742599999999999
1082,1619199512597964,buy,1655.941612903226,0.1323
1083,1619199512630006,buy,1655.9703225806452,0.0216
1084,1619199512630008,buy,1656.133870967742,10.81188
1085,1619199512635935,buy,1655.8925806451612,0.01728
1086,1619199512686138,buy,1655.8925806451612,10.2249
1087,1619199512769446,sell,1655.968387096774,0.0124199999999999
1088,1619199512843419,sell,1655.968387096774,0.0702
1089,1619199512880496,buy,1655.9687096774194,1.61946
1090,1619199512908752,sell,1655.968387096774,1.27386
1091,1619199512967935,buy,1656.1612903225807,0.04914
1092,1619199512976346,sell,1656.0148387096774,0.5232600000000001
1093,1619199512983525,sell,1656.0148387096774,10.96794
1094,1619199513015372,sell,1656.0148387096774,0.27324
1095,1619199513026365,sell,1656.0148387096774,3.59802
1096,1619199513036458,sell,1656.0148387096774,0.8747999999999999
1097,1619199513077613,sell,1656.0148387096774,7.704179999999999
1098,1619199513086297,sell,1656.0148387096774,0.66474
1099,1619199513093467,sell,1656.0148387096774,0.06318
1100,1619199513120137,sell,1655.9687096774194,0.26028
1101,1619199513208524,sell,1655.9693548387097,3.20004
1102,1619199513208541,sell,1655.9690322580643,1.14426
1103,1619199513209020,sell,1655.9412903225807,1.38294
1104,1619199513209026,sell,1655.8929032258063,1.22364
1105,1619199513209027,sell,1655.8925806451612,1.59894
1106,1619199513233384,sell,1655.968387096774,1.38294
1107,1619199513233524,sell,1655.9329032258065,0.33426
1108,1619199513267925,buy,1655.9332258064517,0.3018599999999999
1109,1619199513302321,buy,1655.9332258064517,2.74374
1110,1619199513330830,buy,1655.9332258064517,0.06102
1111,1619199513462502,sell,1655.9332258064517,0.0820799999999999
1112,1619199513465506,sell,1655.9332258064517,1.6335
1113,1619199513495025,sell,1655.9332258064517,11.78442
1114,1619199513495026,sell,1655.9332258064517,13.5
1115,1619199513495026,sell,1655.9332258064517,63.72972
1116,1619199513544912,sell,1655.9329032258065,0.04374
1117,1619199513571431,buy,1655.854838709677,2.02446
1118,1619199513600596,buy,1655.854838709677,7.099919999999999
1119,1619199513600607,buy,1655.854838709677,0.03564
1120,1619199513865989,buy,1655.8545161290322,0.29106
1121,1619199513979257,sell,1655.8541935483872,2.04228
1122,1619199513979746,sell,1655.8541935483872,0.81918
1123,1619199514016301,buy,1655.8545161290322,0.24894
1124,1619199514017680,buy,1655.8545161290322,0.0243
1125,1619199514229388,sell,1655.8541935483872,2.54286
1126,1619199514272280,sell,1655.8541935483872,2.70108
1127,1619199514337043,sell,1655.8541935483872,1.38294
1128,1619199514337058,sell,1655.8470967741937,1.08
1129,1619199514337060,sell,1655.5706451612905,0.6593399999999999
1130,1619199514426454,sell,1655.853870967742,0.54
1131,1619199514426480,sell,1655.8470967741937,0.22734
1132,1619199514474059,sell,1655.8470967741937,0.8521200000000001
1133,1619199514700379,sell,1655.7858064516129,2.71296
1134,1619199514719389,sell,1655.7858064516129,1.62
1135,1619199514727131,sell,1655.7858064516129,2.7
1136,1619199514728847,sell,1655.7858064516129,1.08
1137,1619199514730699,buy,1655.7861290322585,0.1377
1138,1619199514879434,sell,1655.7858064516129,0.18522
1139,1619199514923729,sell,1655.7858064516129,0.2338199999999999
1140,1619199515026367,sell,1655.7858064516129,0.2619
1141,1619199515129371,buy,1655.7861290322585,0.8796599999999999
1142,1619199515148617,buy,1655.7861290322585,10.80324
1143,1619199515374351,buy,1655.7861290322585,0.28404
1144,1619199515547421,sell,1655.7858064516129,0.02376
1145,1619199515606864,sell,1655.7858064516129,1.20366
1146,1619199515657157,sell,1655.7858064516129,1.72152
1147,1619199515767110,buy,1655.7861290322585,0.05454
1148,1619199516027887,sell,1655.7858064516129,0.02268
1149,1619199516242100,sell,1655.7858064516129,0.22788
1150,1619199516327540,buy,1655.7861290322585,0.54
1151,1619199516327764,buy,1655.7861290322585,10.51056
1152,1619199516333876,sell,1655.7858064516129,0.09072
1153,1619199516472866,buy,1655.7861290322585,0.27108
1154,1619199516490049,buy,1655.7861290322585,2.74428
1155,1619199516496918,buy,1655.7861290322585,0.5038199999999999
1156,1619199516499907,buy,1655.7861290322585,0.7495200000000001
1157,1619199516500834,buy,1655.7861290322585,0.2457
1158,1619199516518598,sell,1655.7858064516129,0.12582
1159,1619199516526021,sell,1655.7858064516129,0.88722
1160,1619199516544327,sell,1655.7858064516129,0.189
1161,1619199516566227,sell,1655.7858064516129,0.0566999999999999
1162,1619199516724967,sell,1655.7858064516129,0.04158
1163,1619199516755687,sell,1655.7858064516129,0.42768
1164,1619199516756364,sell,1655.7858064516129,0.2656799999999999
1165,1619199516785977,buy,1655.7861290322585,0.07182
1166,1619199516804425,buy,1655.7861290322585,0.2186999999999999
1167,1619199516882948,buy,1655.7861290322585,0.3283199999999999
1168,1619199516968585,sell,1655.7858064516129,0.63018
1169,1619199516968586,sell,1655.7858064516129,1.38294
1170,1619199516968588,sell,1655.640322580645,0.08964
1171,1619199517012638,buy,1655.6406451612904,6.94926
1172,1619199517012889,buy,1655.6406451612904,3.93282
1173,1619199517017418,buy,1655.6406451612904,0.10692
1174,1619199517044924,sell,1655.640322580645,0.0486
1175,1619199517067717,buy,1655.6406451612904,2.91006
1176,1619199517120572,sell,1655.7858064516129,1.0972799999999998
1177,1619199517131591,sell,1655.7858064516129,0.4190399999999999
1178,1619199517159451,sell,1655.7858064516129,2.03094
1179,1619199517168736,sell,1655.7858064516129,0.95202
1180,1619199517470978,sell,1655.7087096774194,0.17712
1181,1619199517505931,buy,1655.7090322580646,1.0233
1182,1619199517505944,sell,1655.7087096774194,0.04536
1183,1619199517511473,buy,1655.7090322580646,0.39042
1184,1619199517521969,sell,1655.7087096774194,0.27
1185,1619199517523540,sell,1655.7087096774194,0.04752
1186,1619199517596332,sell,1655.640322580645,0.54
1187,1619199517596347,sell,1655.5470967741935,0.864
1188,1619199517598488,buy,1655.6406451612904,10.8108
1189,1619199517646276,sell,1655.5470967741935,0.38772
1190,1619199517670029,buy,1655.547419354839,0.06912
1191,1619199517744126,sell,1655.5470967741935,0.6912
1192,1619199517744134,sell,1655.5470967741935,2.49156
1193,1619199517827632,sell,1655.5470967741935,2.21886
1194,1619199517931013,sell,1655.5470967741935,0.70686
1195,1619199518074726,sell,1655.5470967741935,0.40878
1196,1619199518084922,sell,1655.5470967741935,0.00054
1197,1619199518085821,sell,1655.5458064516129,1.6794
1198,1619199518121967,sell,1655.5458064516129,0.07614
1199,1619199518130620,sell,1655.5458064516129,0.11772
1200,1619199518135525,sell,1655.5458064516129,0.35316
1201,1619199518190823,sell,1655.5458064516129,0.73764
1202,1619199518190887,sell,1655.5458064516129,0.54
1203,1619199518190895,sell,1655.4693548387097,7.27218
1204,1619199518229345,sell,1655.471935483871,0.96768
1205,1619199518283675,buy,1655.4722580645162,0.54324
1206,1619199518293028,sell,1655.471935483871,0.61074
1207,1619199518391713,sell,1655.471935483871,0.30456
1208,1619199518467290,buy,1655.4722580645162,11.71746
1209,1619199518467473,buy,1655.4722580645162,0.54
1210,1619199518467482,buy,1655.5432258064516,11.776320000000002
1211,1619199518467850,buy,1655.639677419355,0.09828
1212,1619199518544994,sell,1655.6416129032257,1.65132
1213,1619199518615606,sell,1655.6416129032257,0.1798199999999999
1214,1619199518627928,sell,1655.6416129032257,0.2203199999999999
1215,1619199518668138,sell,1655.6416129032257,2.2923
1216,1619199518671036,sell,1655.6416129032257,0.1533599999999999
1217,1619199518759387,sell,1655.6416129032257,0.1458
1218,1619199518824142,buy,1655.641935483871,0.27162
1219,1619199518895968,sell,1655.6416129032257,8.85708
1220,1619199518896080,sell,1655.6416129032257,4.351859999999999
1221,1619199518896389,sell,1655.6070967741937,6.971399999999999
1222,1619199518953780,sell,1655.5345161290322,0.03348
1223,1619199518953793,sell,1655.4735483870968,0.13122
1224,1619199518974707,sell,1655.4735483870968,0.3337199999999999
1225,1619199519023522,sell,1655.5345161290322,0.1026
1226,1619199519114327,sell,1655.6416129032257,0.01728
1227,1619199519136727,buy,1655.641935483871,0.53676
1228,1619199519188838,sell,1655.6416129032257,0.12852
1229,1619199519277198,sell,1655.6416129032257,11.1645
1230,1619199519295010,sell,1655.6416129032257,0.01404
1231,1619199519348442,sell,1655.6416129032257,0.01296
1232,1619199519352622,buy,1655.641935483871,2.74428
1233,1619199519380260,sell,1655.6416129032257,0.0837
1234,1619199519612071,sell,1655.6416129032257,0.0405
1235,1619199519707717,sell,1655.6416129032257,2.7
1236,1619199519775688,sell,1655.6416129032257,2.41974
1237,1619199519778144,sell,1655.6416129032257,0.48546
1238,1619199519801026,sell,1655.6416129032257,1.58868
1239,1619199519875875,sell,1655.6416129032257,0.62802
1240,1619199519892024,sell,1655.6416129032257,0.31428
1241,1619199519922004,sell,1655.6416129032257,0.62802
1242,1619199519938037,buy,1655.641935483871,6.770519999999999
1243,1619199519938555,buy,1655.641935483871,0.54
1244,1619199519938565,buy,1655.641935483871,0.54
1245,1619199519938566,buy,1655.641935483871,2.95002
1246,1619199519971899,sell,1655.6416129032257,0.3618
1247,1619199519977071,sell,1655.6416129032257,2.85714
1248,1619199520119124,sell,1655.6416129032257,0.02214
1249,1619199520120688,sell,1655.6416129032257,0.135
1250,1619199520171326,sell,1655.6416129032257,0.3024
1251,1619199520199102,buy,1655.641935483871,0.19548
1252,1619199520227836,sell,1655.6416129032257,0.6966
1253,1619199520276367,sell,1655.6416129032257,0.26028
1254,1619199520333483,sell,1655.6416129032257,0.24894
1255,1619199520372448,sell,1655.6416129032257,0.1290599999999999
1256,1619199520396960,sell,1655.6416129032257,0.97524
1257,1619199520419536,sell,1655.6416129032257,0.00054
1258,1619199520419619,sell,1655.6416129032257,0.432
1259,1619199520419644,sell,1655.476451612903,0.03348
1260,1619199520419646,sell,1655.474193548387,0.94122
1261,1619199520470982,buy,1655.4745161290325,0.37638
1262,1619199520470982,buy,1655.4745161290325,0.9747
1263,1619199520470983,buy,1655.4745161290325,3.2103
1264,1619199520473358,sell,1655.4735483870968,0.054
1265,1619199520517114,sell,1655.4735483870968,0.49356
1266,1619199520518476,buy,1655.473870967742,0.27162
1267,1619199520569960,sell,1655.4735483870968,1.57464
1268,1619199520570859,sell,1655.4735483870968,1.28898
1269,1619199520573319,sell,1655.4735483870968,0.0297
1270,1619199520620356,sell,1655.4735483870968,1.38132
1271,1619199520621001,sell,1655.4735483870968,1.19178
1272,1619199520661071,buy,1655.473870967742,0.11394
1273,1619199520673551,sell,1655.4735483870968,1.09458
1274,1619199520679856,sell,1655.4735483870968,0.01458
1275,1619199520704506,buy,1655.473870967742,0.54972
1276,1619199520707893,sell,1655.4735483870968,0.08154
1277,1619199520744386,sell,1655.4735483870968,0.5475599999999999
1278,1619199520774154,sell,1655.4735483870968,0.06534
1279,1619199520790677,buy,1655.473870967742,0.12852
1280,1619199520794743,sell,1655.4735483870968,0.01404
1281,1619199520822187,buy,1655.473870967742,0.63666
1282,1619199520879871,buy,1655.473870967742,2.46996
1283,1619199520929201,sell,1655.4735483870968,1.25388
1284,1619199520962124,sell,1655.4735483870968,0.01944
1285,1619199520985001,sell,1655.4735483870968,1.2312
1286,1619199521023010,sell,1655.4735483870968,1.2312
1287,1619199521073368,sell,1655.4735483870968,0.03618
1288,1619199521073795,sell,1655.4735483870968,0.21708
1289,1619199521148023,sell,1655.4735483870968,0.027
1290,1619199521173647,sell,1655.4735483870968,1.67832
1291,1619199521193392,sell,1655.4735483870968,1.83384
1292,1619199521206647,sell,1655.4735483870968,0.0248399999999999
1293,1619199521272544,buy,1655.473870967742,0.3429
1294,1619199521502431,buy,1655.473870967742,1.1934
1295,1619199521507599,buy,1655.473870967742,0.3213
1296,1619199521555436,sell,1655.4735483870968,0.01404
1297,1619199521668016,buy,1655.473870967742,0.01728
1298,1619199521853950,sell,1655.62,0.02376
1299,1619199521907263,buy,1655.641935483871,0.0783
1300,1619199521908546,sell,1655.6416129032257,0.01566
1301,1619199521923013,sell,1655.6416129032257,0.02322
1302,1619199521992625,buy,1655.641935483871,0.8046
1303,1619199522026679,buy,1655.641935483871,0.0189
1304,1619199522029684,buy,1655.641935483871,2.8009800000000005
1305,1619199522044303,buy,1655.641935483871,0.324
1306,1619199522050942,sell,1655.6416129032257,0.3294
1307,1619199522075018,sell,1655.6764516129033,1.026
1308,1619199522169871,buy,1655.6767741935485,0.0324
1309,1619199522169874,buy,1655.6767741935485,0.0037799999999999
1310,1619199522174759,buy,1655.6767741935485,0.0162
1311,1619199522186862,buy,1655.6767741935485,0.21492
1312,1619199522199648,sell,1655.6764516129033,0.09774
1313,1619199522299452,buy,1655.6767741935485,0.0891
1314,1619199522299464,buy,1655.6767741935485,10.72008
1315,1619199522337470,sell,1655.6764516129033,1.27332
1316,1619199522357342,buy,1655.6767741935485,0.25326
1317,1619199522400675,sell,1655.6764516129033,0.0297
1318,1619199522437735,sell,1655.6764516129033,0.42228
1319,1619199522468612,buy,1655.6767741935485,2.52666
1320,1619199522469014,buy,1655.7851612903223,1.41102
1321,1619199522547871,buy,1655.7851612903223,0.12636
1322,1619199522580679,buy,1655.7851612903223,2.74428
1323,1619199522704897,sell,1655.7848387096774,0.6156
1324,1619199522734672,sell,1655.7848387096774,2.17296
1325,1619199522755470,sell,1655.7848387096774,2.5677000000000003
1326,1619199522772596,sell,1655.7848387096774,1.45962
1327,1619199522798381,sell,1655.7848387096774,1.8954
1328,1619199522860593,sell,1655.7848387096774,0.99468
1329,1619199522867631,sell,1655.7848387096774,0.23598
1330,1619199522905540,sell,1655.7848387096774,0.11502
1331,1619199522905689,sell,1655.6767741935485,0.05778
1332,1619199522906129,sell,1655.6767741935485,0.1728
1333,1619199522907022,sell,1655.6767741935485,0.1728
1334,1619199522912216,sell,1655.6767741935485,0.1728
1335,1619199522912217,sell,1655.6767741935485,0.17226
1336,1619199522913683,sell,1655.6767741935485,0.1728
1337,1619199523030446,sell,1655.6764516129033,0.6404399999999999
1338,1619199523038623,buy,1655.6767741935485,0.9882
1339,1619199523074235,sell,1655.6764516129033,0.03078
1340,1619199523151617,sell,1655.6764516129033,6.590160000000001
1341,1619199523171081,sell,1655.6764516129033,0.54
1342,1619199523171090,sell,1655.485806451613,8.00982
1343,1619199523188757,sell,1655.486129032258,0.03402
1344,1619199523259345,sell,1655.486129032258,0.3283199999999999
1345,1619199523268876,sell,1655.486129032258,0.54216
1346,1619199523280647,sell,1655.486129032258,0.06318
1347,1619199523313101,sell,1655.4864516129032,0.0302399999999999
1348,1619199523332872,sell,1655.4867741935482,0.01458
1349,1619199523333589,buy,1655.5309677419357,0.3234599999999999
1350,1619199523387605,sell,1655.5083870967742,0.0151199999999999
1351,1619199523395620,sell,1655.5083870967742,0.52488
1352,1619199523396913,sell,1655.4748387096774,2.67948
1353,1619199523425872,sell,1655.4751612903226,0.02916
1354,1619199523560138,sell,1655.4751612903226,0.17928
1355,1619199523730867,sell,1655.4735483870968,0.27108
1356,1619199523744332,sell,1655.4735483870968,1.4715
1357,1619199523744816,sell,1655.4393548387095,3.31776
1358,1619199523745376,sell,1655.4390322580646,6.7321800000000005
1359,1619199523898027,buy,1655.4390322580646,0.71334
1360,1619199524087213,sell,1655.4387096774194,0.0189
1361,1619199524182194,sell,1655.4387096774194,0.1728
1362,1619199524190229,sell,1655.4387096774194,0.09504
1363,1619199524190298,sell,1655.4387096774194,0.07776
1364,1619199524190572,sell,1655.4387096774194,0.1728
1365,1619199524210190,sell,1655.4387096774194,0.027
1366,1619199524264846,sell,1655.3274193548389,0.1728
1367,1619199524326144,sell,1655.328387096774,0.37908
1368,1619199524333234,sell,1655.328387096774,0.72954
1369,1619199524335759,sell,1655.328387096774,0.01458
1370,1619199524337411,sell,1655.328387096774,2.84418
1371,1619199524337742,sell,1655.328064516129,4.72932
1372,1619199524337752,sell,1655.327741935484,8.1
1373,1619199524337753,sell,1655.3158064516128,5.4
1374,1619199524338157,sell,1655.3000000000002,0.01188
1375,1619199524338593,sell,1655.278064516129,1.49202
1376,1619199524347516,sell,1655.3287096774195,3.07044
1377,1619199524347715,sell,1655.328387096774,2.4575400000000003
1378,1619199524352745,sell,1655.328387096774,0.03078
1379,1619199524356709,sell,1655.328387096774,0.06426
1380,1619199524356710,sell,1655.2877419354838,5.531219999999999
1381,1619199524373527,sell,1655.278064516129,0.0264599999999999
1382,1619199524416296,sell,1655.4190322580644,0.54
1383,1619199524430157,sell,1655.277419354839,0.01458
1384,1619199524467573,buy,1655.2777419354838,3.74166
1385,1619199524511015,sell,1655.2532258064516,1.08
1386,1619199524511029,sell,1655.196129032258,0.52488
1387,1619199524572302,buy,1655.1732258064517,0.0264599999999999
1388,1619199524617147,sell,1655.1729032258063,0.0351
1389,1619199524638574,sell,1655.1729032258063,0.02592
1390,1619199524664112,sell,1655.1729032258063,0.0124199999999999
1391,1619199524688967,sell,1655.1729032258063,0.1566
1392,1619199524703823,sell,1655.1729032258063,0.01782
1393,1619199524708365,buy,1655.1732258064517,10.80756
1394,1619199524848745,sell,1655.1729032258063,0.14364
1395,1619199524859015,buy,1655.1732258064517,0.14364
1396,1619199524884406,sell,1655.1729032258063,0.1485
1397,1619199524884738,sell,1655.0574193548389,0.04266
1398,1619199524980843,sell,1655.0706451612905,0.0189
1399,1619199525011651,sell,1655.1729032258063,0.01458
1400,1619199525076163,sell,1655.1729032258063,1.3095
1401,1619199525494254,sell,1655.1729032258063,0.00054
1402,1619199525500309,sell,1655.0716129032255,0.027
1403,1619199525679930,buy,1655.0719354838711,2.74536
1404,1619199525740918,buy,1655.0719354838711,0.0124199999999999
1405,1619199525758140,buy,1655.0719354838711,0.05346
1406,1619199525817157,sell,1655.0716129032255,1.1464200000000002
1407,1619199525817306,sell,1655.0716129032255,1.01844
1408,1619199525830840,sell,1655.0716129032255,0.29754
1409,1619199525872406,sell,1655.0716129032255,2.16486
1410,1619199525943458,sell,1655.0719354838711,1.3095
1411,1619199525943461,sell,1655.0716129032255,0.78786
1412,1619199526051858,buy,1655.1467741935485,0.11502
1413,1619199526064466,buy,1655.1467741935485,0.20898
1414,1619199526064471,buy,1655.221935483871,0.01944
1415,1619199526174243,buy,1655.1467741935485,0.5022
1416,1619199526174707,buy,1655.1467741935485,0.0378
1417,1619199526175640,buy,1655.1841935483872,0.324
1418,1619199526175949,buy,1655.22064516129,2.59902
1419,1619199526467686,buy,1655.1187096774197,0.324
1420,1619199526467687,buy,1655.1470967741934,0.22896
1421,1619199526467687,buy,1655.1651612903229,0.324
1422,1619199526467688,buy,1655.1835483870968,0.324
1423,1619199526467688,buy,1655.2148387096777,2.35386
1424,1619199526579032,sell,1655.118387096774,0.03888
1425,1619199526629056,sell,1655.118387096774,3.402
1426,1619199526636520,sell,1655.118387096774,3.402
1427,1619199526642783,sell,1655.118387096774,0.12474
1428,1619199526648842,buy,1655.1187096774197,0.1906199999999999
1429,1619199526654945,buy,1655.1187096774197,0.13338
1430,1619199526654945,buy,1655.1187096774197,0.05724
1431,1619199526659037,sell,1655.118387096774,3.402
1432,1619199526803038,buy,1655.0716129032255,0.0205199999999999
1433,1619199526816115,buy,1655.0716129032255,0.21492
1434,1619199526902747,sell,1655.0712903225806,0.02268
1435,1619199526958305,sell,1655.032258064516,0.01404
1436,1619199526958354,sell,1655.032258064516,0.0081
1437,1619199527064189,buy,1655.0325806451613,8.319780000000002
1438,1619199527065071,buy,1655.0325806451613,8.320319999999999
1439,1619199527065082,buy,1655.0516129032258,0.324
1440,1619199527068429,buy,1655.0948387096776,0.31536
1441,1619199527091445,sell,1655.0945161290322,0.03186
1442,1619199527112828,buy,1655.0948387096776,0.00864
1443,1619199527112986,buy,1655.1187096774197,0.00972
1444,1619199527137298,buy,1655.0948387096776,0.324
1445,1619199527137349,buy,1655.1187096774197,7.55028
1446,1619199527137936,buy,1655.303870967742,2.05578
1447,1619199527138087,buy,1655.375806451613,0.88776
1448,1619199527138570,sell,1655.0945161290322,0.66582
1449,1619199527168151,sell,1655.0948387096776,1.53522
1450,1619199527170887,sell,1655.039677419355,1.86678
1451,1619199527171951,sell,1655.032258064516,0.0324
1452,1619199527174485,sell,1655.0,0.28674
1453,1619199527174485,sell,1654.967741935484,3.08286
1454,1619199527310054,sell,1654.967741935484,0.28026
1455,1619199527317878,sell,1654.967741935484,0.4698
1456,1619199527425102,sell,1654.981935483871,0.20574
1457,1619199527476524,sell,1654.981935483871,0.8742599999999999
1458,1619199527476646,sell,1654.967741935484,0.0999
1459,1619199527497788,sell,1654.967741935484,0.26892
1460,1619199527498240,sell,1654.967741935484,0.38826
1461,1619199527498252,sell,1654.967741935484,0.3213
1462,1619199527539851,sell,1654.967741935484,0.6566399999999999
1463,1619199527599348,sell,1654.967741935484,0.05454
1464,1619199527699256,buy,1654.968064516129,0.12852
1465,1619199527823354,buy,1654.982258064516,0.0124199999999999
1466,1619199527823366,sell,1654.981935483871,0.0135
1467,1619199527885941,sell,1654.981935483871,0.12798
1468,1619199527966565,sell,1654.981935483871,0.39852
1469,1619199527966566,sell,1654.981935483871,0.47466
1470,1619199528098885,sell,1654.981935483871,0.66366
1471,1619199528103183,sell,1654.981935483871,0.16956
1472,1619199528103184,sell,1654.968064516129,0.4001399999999999
1473,1619199528387009,sell,1654.9806451612903,0.05724
1474,1619199528387407,sell,1654.9806451612903,1.2155399999999998
1475,1619199528428134,sell,1654.9032258064517,0.49248
1476,1619199528458346,sell,1654.9032258064517,0.0351
1477,1619199528470751,buy,1654.9035483870969,2.78424
1478,1619199528472252,sell,1654.9032258064517,0.1782
1479,1619199528565571,buy,1654.9035483870969,2.7459
1480,1619199528604213,sell,1654.9032258064517,9.42192
1481,1619199528625412,buy,1654.9035483870969,0.2322
1482,1619199528669028,buy,1654.9035483870969,0.39528
1483,1619199528675247,buy,1654.9035483870969,0.7365600000000001
1484,1619199528675352,sell,1654.9032258064517,0.4471199999999999
1485,1619199528858773,sell,1654.9032258064517,0.6069599999999999
1486,1619199528931326,sell,1654.9032258064517,0.0550799999999999
1487,1619199528970336,sell,1654.9032258064517,0.98442
1488,1619199529109255,buy,1654.9035483870969,1.27548
1489,1619199529203888,buy,1654.9035483870969,0.09126
1490,1619199529273974,buy,1654.9035483870969,0.0275399999999999
1491,1619199529350149,sell,1654.9032258064517,0.54
1492,1619199529375327,sell,1654.9032258064517,6.372000000000001
1493,1619199529434880,sell,1654.9032258064517,0.98442
1494,1619199529436486,buy,1654.9035483870969,0.2052
1495,1619199529482868,sell,1654.9032258064517,0.0264599999999999
1496,1619199529487960,buy,1654.9035483870969,0.216
1497,1619199529487973,buy,1655.114838709677,7.56
1498,1619199529487987,buy,1655.1593548387098,2.079
1499,1619199529487987,buy,1655.1596774193547,0.9460799999999998
1500,1619199529517820,buy,1655.1587096774192,0.21492
1501,1619199529520170,sell,1654.9035483870969,0.02592
1502,1619199529531767,buy,1655.1583870967745,0.07992
1503,1619199529538184,sell,1654.9032258064517,0.93798
1504,1619199529627274,sell,1654.9709677419355,1.89
1505,1619199529631818,sell,1654.9709677419355,0.18306
1506,1619199529777552,sell,1654.9709677419355,0.13122
1507,1619199529843858,sell,1654.9709677419355,6.888780000000001
1508,1619199529883495,sell,1654.9709677419355,0.0189
1509,1619199529892621,sell,1654.9709677419355,2.16
1510,1619199529959401,sell,1654.997741935484,0.0324
1511,1619199530076875,buy,1654.9035483870969,1.46772
1512,1619199530126301,sell,1654.9032258064517,0.46116
1513,1619199530147173,sell,1654.9032258064517,0.26136
1514,1619199530147239,sell,1654.8267741935483,0.189
1515,1619199530147546,sell,1654.8267741935483,0.27
1516,1619199530147559,sell,1654.8187096774193,0.1906199999999999
1517,1619199530147824,sell,1654.8135483870967,0.108
1518,1619199530147841,sell,1654.7993548387096,0.03348
1519,1619199530147842,sell,1654.797419354839,0.0189
1520,1619199530148006,sell,1654.795483870968,0.0135
1521,1619199530148018,sell,1654.789677419355,1.02114
1522,1619199530168068,buy,1654.9032258064517,0.15552
1523,1619199530194261,buy,1654.9032258064517,0.01404
1524,1619199530241181,buy,1654.9032258064517,2.12922
1525,1619199530241185,buy,1654.9032258064517,1.02276
1526,1619199530263928,sell,1654.971290322581,0.25326
1527,1619199530307950,sell,1654.971290322581,1.04976
1528,1619199530307951,sell,1654.8022580645163,0.03348
1529,1619199530308080,sell,1654.7948387096774,0.4428
1530,1619199530375642,sell,1654.9983870967742,0.1657799999999999
1531,1619199530399611,sell,1654.9983870967742,2.2139999999999995
1532,1619199530427939,sell,1654.9983870967742,0.14958
1533,1619199530468885,buy,1654.9987096774194,0.54
1534,1619199530468886,buy,1655.101935483871,0.02268
1535,1619199530468887,buy,1655.102258064516,2.6757
1536,1619199530476187,sell,1654.9983870967742,0.02538
1537,1619199530572064,sell,1654.9983870967742,1.0746
1538,1619199530673918,sell,1654.9983870967742,0.1101599999999999
1539,1619199530725907,sell,1654.9983870967742,0.05778
1540,1619199530873791,sell,1654.9983870967742,1.31976
1541,1619199530926621,sell,1654.9983870967742,4.05
1542,1619199531006803,buy,1654.9987096774194,0.1835999999999999
1543,1619199531145775,sell,1654.9983870967742,0.0729
1544,1619199531176870,sell,1654.9983870967742,2.09412
1545,1619199531176871,sell,1654.9983870967742,4.158
1546,1619199531233243,sell,1654.9983870967742,0.3121199999999999
1547,1619199531282305,sell,1654.9983870967742,0.28944
1548,1619199531319964,buy,1654.9987096774194,0.0458999999999999
1549,1619199531319965,buy,1654.9987096774194,2.69946
1550,1619199531336692,sell,1654.9983870967742,0.05778
1551,1619199531375928,sell,1654.9983870967742,0.44928
1552,1619199531409790,sell,1654.9983870967742,2.9818800000000003
1553,1619199531427367,sell,1654.9983870967742,0.2105999999999999
1554,1619199531482004,sell,1654.9983870967742,0.04644
1555,1619199531495058,sell,1654.9983870967742,8.19774
1556,1619199531595147,sell,1654.9983870967742,0.0458999999999999
1557,1619199531678727,buy,1654.9987096774194,0.35316
1558,1619199531704892,buy,1654.9987096774194,0.1906199999999999
1559,1619199531710370,buy,1654.9987096774194,0.1906199999999999
1560,1619199531793977,buy,1654.9987096774194,0.1906199999999999
1561,1619199531797570,buy,1654.9987096774194,0.19116
1562,1619199531801285,buy,1654.9987096774194,0.19116
1563,1619199531802236,buy,1654.9987096774194,0.19116
1564,1619199531804075,buy,1654.9987096774194,0.1906199999999999
1565,1619199531817590,buy,1654.9987096774194,0.01674
1566,1619199531904344,sell,1654.9983870967742,0.00054
1567,1619199531904345,sell,1654.808387096774,2.44998
1568,1619199531994319,buy,1654.995806451613,10.82268
1569,1619199532078906,sell,1654.9954838709675,0.53946
1570,1619199532157987,buy,1654.995806451613,2.92896
1571,1619199532203072,buy,1654.995806451613,0.1701
1572,1619199532406343,buy,1654.995806451613,0.03186
1573,1619199532413078,sell,1654.9954838709675,0.00054
1574,1619199532413143,sell,1654.795483870968,0.02268
1575,1619199532413152,sell,1654.7729032258064,0.01674
1576,1619199532413204,sell,1654.7729032258064,0.03348
1577,1619199532413206,sell,1654.7583870967742,0.27216
1578,1619199532416341,sell,1654.7583870967742,0.17226
1579,1619199532418381,sell,1654.7583870967742,0.17226
1580,1619199532424688,sell,1654.7583870967742,0.17226
1581,1619199532430207,buy,1654.7587096774191,0.11448
1582,1619199532472654,buy,1654.7587096774191,1.0605600000000002
1583,1619199532492584,buy,1654.7587096774191,0.02862
1584,1619199532632863,buy,1654.7587096774191,0.4001399999999999
1585,1619199532696370,sell,1654.7583870967742,0.08802
1586,1619199532697862,buy,1654.7587096774191,0.01188
1587,1619199532782043,buy,1654.7587096774191,0.24408
1588,1619199532836941,buy,1654.7587096774191,0.39852
1589,1619199533109418,buy,1654.7587096774191,0.36396
1590,1619199533111984,buy,1654.7587096774191,0.36396
1591,1619199533113212,buy,1654.7587096774191,0.36396
1592,1619199533121415,buy,1654.7587096774191,0.61182
1593,1619199533131356,sell,1654.7583870967742,1.4180400000000002
1594,1619199533132553,sell,1654.7583870967742,7.13178
1595,1619199533153968,sell,1654.7583870967742,9.06822
1596,1619199533153978,sell,1654.7583870967742,1.2517200000000002
1597,1619199533154115,sell,1654.756129032258,0.02268
1598,1619199533154116,sell,1654.741935483871,0.4347
1599,1619199533154366,sell,1654.741935483871,1.14426
1600,1619199533154475,sell,1654.741935483871,0.03618
1601,1619199533154486,sell,1654.741935483871,0.00486
1602,1619199533154543,sell,1654.741935483871,0.37638
1603,1619199533154735,sell,1654.741935483871,3.50838
1604,1619199533155064,sell,1654.741935483871,0.11502
1605,1619199533155068,sell,1654.741935483871,3.29292
1606,1619199533155069,sell,1654.737741935484,0.04536
1607,1619199533155070,sell,1654.734516129032,0.0264599999999999
1608,1619199533155222,sell,1654.6999999999998,0.02322
1609,1619199533155231,sell,1654.6783870967745,0.28674
1610,1619199533155558,sell,1654.6745161290323,0.02268
1611,1619199533155904,sell,1654.6470967741934,0.0243
1612,1619199533155913,sell,1654.6232258064515,0.2322
1613,1619199533157764,sell,1654.586129032258,0.7003799999999999
1614,1619199533157778,sell,1654.5748387096774,2.25666
1615,1619199533157779,sell,1654.5212903225809,0.1377
1616,1619199533157780,sell,1654.5067741935484,1.62
1617,1619199533157781,sell,1654.4909677419355,0.1133999999999999
1618,1619199533157781,sell,1654.4870967741936,0.27
1619,1619199533157782,sell,1654.4648387096777,0.19494
1620,1619199533157783,sell,1654.443870967742,0.432
1621,1619199533157783,sell,1654.4348387096777,8.057339999999998
1622,1619199533157784,sell,1654.4348387096777,5.60034
1623,1619199533157785,sell,1654.4193548387098,0.01404
1624,1619199533157785,sell,1654.4193548387098,0.01674
1625,1619199533157786,sell,1654.4174193548388,1.35
1626,1619199533157787,sell,1654.4170967741936,14.262479999999998
1627,1619199533157788,sell,1654.3945161290324,1.08
1628,1619199533157789,sell,1654.3870967741937,0.01782
1629,1619199533158861,sell,1654.3835483870969,0.02268
1630,1619199533158873,sell,1654.3790322580646,23.59854
1631,1619199533158874,sell,1654.3787096774192,32.30118
1632,1619199533158874,sell,1654.3787096774192,4.97772
1633,1619199533174904,sell,1654.5416129032258,0.1512
1634,1619199533218586,buy,1654.5419354838712,0.34398
1635,1619199533285400,buy,1654.5412903225806,2.67894
1636,1619199533379163,buy,1654.68,0.0432
1637,1619199533435427,sell,1654.679677419355,0.0496799999999999
1638,1619199533486153,sell,1654.71,0.21006
1639,1619199533534009,sell,1654.757741935484,0.05886
1640,1619199533577695,buy,1654.758064516129,0.04536
1641,1619199533577701,buy,1654.7587096774191,0.14904
1642,1619199533591513,buy,1654.7587096774191,0.11556
1643,1619199533680046,sell,1654.757741935484,0.05886
1644,1619199533742752,sell,1654.757741935484,0.55458
1645,1619199534091637,sell,1654.757741935484,1.2803399999999998
1646,1619199534120403,buy,1654.758064516129,0.0189
1647,1619199534120404,buy,1654.7587096774191,0.6431399999999999
1648,1619199534290588,buy,1654.7587096774191,2.7459
1649,1619199534306518,buy,1654.7587096774191,0.73008
1650,1619199534319003,sell,1654.7583870967742,1.2717
1651,1619199534322709,buy,1654.7587096774191,7.50816
1652,1619199534322713,buy,1654.8738709677418,3.4554599999999995
1653,1619199534356199,buy,1654.8738709677418,0.25056
1654,1619199534483113,buy,1654.874193548387,0.4644
1655,1619199534777154,buy,1655.0432258064516,0.01296
1656,1619199534879256,sell,1654.9632258064516,0.3553199999999999
1657,1619199534980866,sell,1654.9632258064516,0.12474
1658,1619199534994716,sell,1654.9632258064516,0.15066
1659,1619199535015663,sell,1654.9632258064516,0.2646
1660,1619199535015775,sell,1654.8906451612904,0.0486
1661,1619199535030524,sell,1654.7725806451613,0.23598
1662,1619199535074785,buy,1654.907741935484,1.61244
1663,1619199535119404,sell,1654.9074193548386,0.216
1664,1619199535203312,buy,1654.907741935484,3.0078
1665,1619199535301328,buy,1654.907741935484,0.05724
1666,1619199535313907,buy,1654.907741935484,0.17172
1667,1619199535314002,buy,1654.907741935484,0.34344
1668,1619199535315435,buy,1654.907741935484,0.0739799999999999
1669,1619199535315462,buy,1654.907741935484,0.09774
1670,1619199535315704,buy,1654.907741935484,0.17172
1671,1619199535319416,buy,1654.907741935484,0.34344
1672,1619199535321030,buy,1654.907741935484,0.17172
1673,1619199535324347,buy,1654.907741935484,0.0302399999999999
1674,1619199535324348,buy,1654.9635483870968,0.14148
1675,1619199535327746,buy,1654.9635483870968,0.17172
1676,1619199535358343,buy,1654.9635483870968,0.3348
1677,1619199535627858,buy,1654.951935483871,0.39042
1678,1619199535676633,sell,1654.9074193548386,0.17118
1679,1619199535692027,buy,1654.885161290323,0.02106
1680,1619199535724261,sell,1654.7425806451613,3.7206
1681,1619199535771698,sell,1654.6783870967745,0.28674
1682,1619199536116848,buy,1654.885161290323,0.21708
1683,1619199536194347,buy,1654.885161290323,0.05724
1684,1619199536275385,sell,1654.8848387096775,9.80586
1685,1619199536301120,buy,1654.9503225806452,0.01674
1686,1619199536459515,buy,1654.8738709677418,0.29106
1687,1619199536471910,buy,1654.8738709677418,2.9862
1688,1619199536679035,buy,1654.8738709677418,6.777539999999999
1689,1619199536679050,buy,1654.874193548387,4.03488
1690,1619199536813999,sell,1654.8732258064515,0.23706
1691,1619199536816615,sell,1654.8732258064515,0.0205199999999999
1692,1619199536833778,sell,1654.8732258064515,0.04266
1693,1619199536860459,sell,1654.71,0.02106
1694,1619199536874247,sell,1654.707741935484,0.02916
1695,1619199536912151,buy,1654.852258064516,0.03942
1696,1619199536924972,buy,1654.852258064516,0.0162
1697,1619199536930836,sell,1654.707741935484,1.64538
1698,1619199537144326,buy,1654.851935483871,0.6426000000000001
1699,1619199537177629,sell,1654.7093548387095,0.09288
1700,1619199537227492,sell,1654.7093548387095,0.9234
1701,1619199537277665,sell,1654.7093548387095,2.79828
1702,1619199537325763,sell,1654.7093548387095,0.027
1703,1619199537375125,sell,1654.7093548387095,2.19024
1704,1619199537396976,buy,1654.851935483871,2.7459
1705,1619199537426377,sell,1654.7096774193549,0.09504
1706,1619199537461201,sell,1654.71,0.4617
1707,1619199537461452,sell,1654.7093548387095,1.84788
1708,1619199537807690,buy,1654.8464516129031,8.05194
1709,1619199537823677,sell,1654.8461290322582,0.0275399999999999
1710,1619199537873029,sell,1654.8461290322582,0.8845200000000001
1711,1619199537984826,buy,1654.8464516129031,0.22248
1712,1619199538076091,sell,1654.873548387097,0.1047599999999999
1713,1619199538115424,sell,1654.873548387097,4.13424
1714,1619199538115425,sell,1654.873548387097,4.23954
1715,1619199538115425,sell,1654.873548387097,0.17604
1716,1619199538128870,sell,1654.873548387097,0.6129
1717,1619199538182390,sell,1654.873548387097,2.8501199999999995
1718,1619199538331023,sell,1654.873548387097,0.00054
1719,1619199538331317,sell,1654.827741935484,3.14442
1720,1619199538377079,sell,1654.8461290322582,1.23876
1721,1619199538426720,sell,1654.8461290322582,0.00054
1722,1619199538426774,sell,1654.8461290322582,8.09946
1723,1619199538468810,buy,1654.8464516129031,2.8366199999999995
1724,1619199538627206,sell,1654.8461290322582,0.00054
1725,1619199538627219,sell,1654.8461290322582,0.01998
1726,1619199538627220,sell,1654.827741935484,0.91584
1727,1619199538654512,sell,1654.827741935484,17.96904
1728,1619199538656386,sell,1654.827741935484,0.91584
1729,1619199538679574,sell,1654.7093548387095,0.18144
1730,1619199538679791,buy,1654.827741935484,0.0972
1731,1619199538726739,sell,1654.8274193548389,0.12852
1732,1619199538775372,sell,1654.8274193548389,0.1296
1733,1619199538829348,sell,1654.8274193548389,0.1047599999999999
1734,1619199538889760,sell,1654.8274193548389,0.16146
1735,1619199538889773,sell,1654.8274193548389,0.01566
1736,1619199538889773,sell,1654.7093548387095,0.67068
1737,1619199538889774,sell,1654.7093548387095,2.7
1738,1619199538889775,sell,1654.635161290323,3.2038199999999994
1739,1619199538889785,sell,1654.635161290323,2.4165
1740,1619199538891885,buy,1654.827741935484,0.46818
1741,1619199538959225,sell,1654.6370967741937,0.08694
1742,1619199538959226,sell,1654.6370967741937,0.17334
1743,1619199538959227,sell,1654.6367741935485,2.0466
1744,1619199539013227,buy,1654.827741935484,10.83024
1745,1619199539024394,buy,1654.827741935484,0.8980200000000002
1746,1619199539133914,sell,1654.6748387096773,1.62378
1747,1619199539179821,sell,1654.6748387096773,0.04266
1748,1619199539220009,sell,1654.6751612903226,0.0529199999999999
1749,1619199539399862,buy,1654.8258064516128,0.0594
1750,1619199539409876,buy,1654.8258064516128,0.03564
1751,1619199539424433,sell,1654.7096774193549,0.08694
1752,1619199539455400,sell,1654.7096774193549,1.15236
1753,1619199539457004,sell,1654.7096774193549,2.33604
1754,1619199539529043,sell,1654.7096774193549,0.1236599999999999
1755,1619199539708886,sell,1654.7096774193549,0.09072
1756,1619199539910926,buy,1654.71,0.54
1757,1619199539911124,buy,1654.8258064516128,0.03996
1758,1619199539928816,sell,1654.8254838709677,1.10538
1759,1619199540082087,sell,1654.8254838709677,0.17226
1760,1619199540303431,sell,1654.8254838709677,2.02068
1761,1619199540303432,sell,1654.7109677419355,1.60326
1762,1619199540303433,sell,1654.71,0.5373
1763,1619199540303466,sell,1654.7096774193549,0.8127
1764,1619199540303469,sell,1654.7096774193549,1.2393
1765,1619199540303470,sell,1654.6787096774194,3.7152
1766,1619199540303474,sell,1654.6783870967745,0.25272
1767,1619199540327986,sell,1654.8254838709677,0.54
1768,1619199540328724,sell,1654.695806451613,0.13446
1769,1619199540328788,sell,1654.6783870967745,0.03402
1770,1619199540329363,sell,1654.638064516129,0.07614
1771,1619199540345076,sell,1654.6787096774194,0.26892
1772,1619199540345084,sell,1654.6425806451612,0.4995
1773,1619199540400300,buy,1654.6790322580646,0.0367199999999999
1774,1619199540426985,buy,1654.6790322580646,0.02808
1775,1619199540433718,buy,1654.6790322580646,0.20844
1776,1619199540466352,buy,1654.6790322580646,0.07614
1777,1619199540473459,buy,1654.6790322580646,2.6946
1778,1619199540473460,sell,1654.6787096774194,0.53946
1779,1619199540484942,buy,1654.6790322580646,2.7459
1780,1619199540626906,sell,1654.6787096774194,0.00054
1781,1619199540626907,sell,1654.6387096774197,0.93528
1782,1619199540892285,buy,1654.8258064516128,0.3132
1783,1619199540914780,buy,1654.8258064516128,0.0917999999999999
1784,1619199540914813,buy,1654.8258064516128,0.20574
1785,1619199540931936,sell,1654.8254838709677,0.2284199999999999
1786,1619199540952960,sell,1654.8254838709677,0.36666
1787,1619199541347478,buy,1654.8258064516128,0.73008
1788,1619199541347492,buy,1654.8258064516128,0.06804
1789,1619199541347504,buy,1654.827741935484,0.2295
1790,1619199541347550,buy,1654.8870967741937,9.78102
1791,1619199541434837,sell,1654.8867741935485,2.106
1792,1619199541455451,sell,1654.8867741935485,0.08586
1793,1619199541483755,sell,1654.8867741935485,0.3461399999999999
1794,1619199541483953,sell,1654.8867741935485,0.1728
1795,1619199541486619,sell,1654.8867741935485,0.1728
1796,1619199541487532,sell,1654.8867741935485,0.1728
1797,1619199541690681,sell,1654.6787096774194,1.2393
1798,1619199541691711,sell,1654.6348387096775,2.8107
1799,1619199541720885,buy,1654.6790322580646,0.04482
1800,1619199541749873,buy,1654.6790322580646,0.1296
1801,1619199541776609,buy,1654.6790322580646,0.26352
1802,1619199541951568,sell,1654.64,4.158
1803,1619199542165786,buy,1654.6790322580646,0.1020599999999999
1804,1619199542166851,buy,1654.8106451612905,0.1906199999999999
1805,1619199542361715,sell,1654.6358064516128,0.1835999999999999
1806,1619199542377492,sell,1654.6358064516128,1.05138
1807,1619199542377497,sell,1654.634516129032,0.1107
1808,1619199542422397,sell,1654.634516129032,0.32076
1809,1619199542469953,buy,1654.8096774193548,2.56068
1810,1619199542650889,buy,1654.8096774193548,0.40284
1811,1619199542668778,sell,1654.6348387096775,1.34676
1812,1619199542830365,buy,1654.8096774193548,0.11394
1813,1619199542869368,buy,1654.8096774193548,0.11394
1814,1619199542923000,buy,1654.8096774193548,0.11448
1815,1619199542946890,buy,1654.8096774193548,1.0179
1816,1619199542971024,buy,1654.8096774193548,0.11448
1817,1619199543030123,sell,1654.8093548387096,0.4233599999999999
1818,1619199543167784,buy,1654.8096774193548,0.1236599999999999
1819,1619199543270648,sell,1654.8093548387096,13.07664
1820,1619199543271182,sell,1654.8093548387096,13.5
1821,1619199543271211,sell,1654.8093548387096,0.02106
1822,1619199543326621,buy,1654.7267741935484,0.04752
1823,1619199543365337,buy,1654.7267741935484,0.0135
1824,1619199543457620,buy,1654.7267741935484,2.7459
1825,1619199543509582,sell,1654.726451612903,0.1728
1826,1619199543582718,buy,1654.7267741935484,0.09234
1827,1619199543619164,buy,1654.7267741935484,10.600739999999998
1828,1619199543619165,buy,1654.7267741935484,0.2116799999999999
1829,1619199543701702,sell,1654.726451612903,0.1944
1830,1619199543798508,sell,1654.726451612903,0.56322
1831,1619199543864735,sell,1654.726451612903,0.162
1832,1619199543872165,buy,1654.7267741935484,0.11448
1833,1619199543874221,sell,1654.726451612903,0.2457
1834,1619199544018890,sell,1654.726451612903,0.1242
1835,1619199544068117,sell,1654.726451612903,0.4957199999999999
1836,1619199544083308,sell,1654.726451612903,0.20736
1837,1619199544084905,sell,1654.6335483870969,0.1101599999999999
1838,1619199544084906,sell,1654.5609677419354,1.14588
1839,1619199544084907,sell,1654.558387096774,6.996779999999999
1840,1619199544128325,sell,1654.726129032258,0.35856
1841,1619199544128326,sell,1654.726129032258,0.01728
1842,1619199544233310,buy,1654.726451612903,0.02862
1843,1619199544233980,buy,1654.726451612903,0.34344
1844,1619199544273687,buy,1654.726451612903,0.00054
1845,1619199544273728,buy,1654.726451612903,0.14742
1846,1619199544273732,buy,1654.726451612903,0.64854
1847,1619199544323435,sell,1654.726129032258,0.16308
1848,1619199544471336,buy,1654.726451612903,2.4327
1849,1619199544471357,sell,1654.726129032258,0.00108
1850,1619199544471365,sell,1654.633870967742,1.23498
1851,1619199544471366,sell,1654.5993548387098,0.8127
1852,1619199544471415,sell,1654.5990322580644,4.32324
1853,1619199544529973,sell,1654.5990322580644,2.22156
1854,1619199544576420,sell,1654.5990322580644,0.07074
1855,1619199544619111,buy,1654.5993548387098,0.08964
